timestamp(dd-mm-yyyy hh:mm:ss:ms),responseIP,latency(ms),traceroute_ips,traceroute_hnames,hop count,Content-Type,Content-Length,Connection,Date,Last-Modified,ETag,x-amz-storage-class,x-amz-server-side-encryption,x-amz-meta-dv-checksum-sha-1,x-amz-meta-dv-checksum-md5,x-amz-meta-dv-checksum-sha-256,Accept-Ranges,Server,X-Server-IP,X-Server-IP_hops,X-Server-IP_hnames,X-Server-IP_hopcount,X-Cache,Via,X-Amz-Cf-Pop,X-Amz-Cf-Id,Age,url,info,reasponseHeaders
22-06-2023_17:55:24:100616,18.165.185.125,724.093, , , ,video/mp4,34082855,keep-alive,"Thu, 22 Jun 2023 15:55:25 GMT","Thu, 22 Jun 2023 10:01:02 GMT","""8ac8aa3c5414053de61f649fe776b0db-3""", ,AES256, , , ,bytes,AmazonS3, , , , ,RefreshHit from cloudfront,1.1 b03c46754456cd1729ff37c2faafd4ec.cloudfront.net (CloudFront),ZRH55-P1,WEJKe-aaIeqBUl4ny3aJjpF5f8ILy7fB2z26zL_Z_A6dwK7d7WLuAg==, ,https://d36mvgiamk5bf0.cloudfront.net/myvideo-california.mp4,my content hosted on CloudFront,"{'Content-Type': 'video/mp4', 'Content-Length': '34082855', 'Connection': 'keep-alive', 'Last-Modified': 'Thu, 22 Jun 2023 10:01:02 GMT', 'x-amz-server-side-encryption': 'AES256', 'Accept-Ranges': 'bytes', 'Server': 'AmazonS3', 'Date': 'Thu, 22 Jun 2023 15:55:25 GMT', 'ETag': '""8ac8aa3c5414053de61f649fe776b0db-3""', 'Vary': 'Accept-Encoding', 'X-Cache': 'RefreshHit from cloudfront', 'Via': '1.1 b03c46754456cd1729ff37c2faafd4ec.cloudfront.net (CloudFront)', 'X-Amz-Cf-Pop': 'ZRH55-P1', 'X-Amz-Cf-Id': 'WEJKe-aaIeqBUl4ny3aJjpF5f8ILy7fB2z26zL_Z_A6dwK7d7WLuAg=='}"
22-06-2023_17:55:29:870117,18.165.185.125,708.0849999999999, , , ,video/mp4,34082855,keep-alive,"Thu, 22 Jun 2023 15:55:31 GMT","Thu, 22 Jun 2023 10:01:02 GMT","""8ac8aa3c5414053de61f649fe776b0db-3""", ,AES256, , , ,bytes,AmazonS3, , , , ,RefreshHit from cloudfront,1.1 841da31399fe7f7e7065c840a22fae0a.cloudfront.net (CloudFront),ZRH55-P1,iGslMUAYlZGk4bfWXPRq1dR8PQv6ZuBuDBAsQJVVe6iweCTFD9Tmwg==, ,https://d36mvgiamk5bf0.cloudfront.net/myvideo-california.mp4,my content hosted on CloudFront,"{'Content-Type': 'video/mp4', 'Content-Length': '34082855', 'Connection': 'keep-alive', 'Last-Modified': 'Thu, 22 Jun 2023 10:01:02 GMT', 'x-amz-server-side-encryption': 'AES256', 'Accept-Ranges': 'bytes', 'Server': 'AmazonS3', 'Date': 'Thu, 22 Jun 2023 15:55:31 GMT', 'ETag': '""8ac8aa3c5414053de61f649fe776b0db-3""', 'Vary': 'Accept-Encoding', 'X-Cache': 'RefreshHit from cloudfront', 'Via': '1.1 841da31399fe7f7e7065c840a22fae0a.cloudfront.net (CloudFront)', 'X-Amz-Cf-Pop': 'ZRH55-P1', 'X-Amz-Cf-Id': 'iGslMUAYlZGk4bfWXPRq1dR8PQv6ZuBuDBAsQJVVe6iweCTFD9Tmwg=='}"
22-06-2023_17:55:35:595250,18.165.185.125,722.741, , , ,video/mp4,34082855,keep-alive,"Thu, 22 Jun 2023 15:55:37 GMT","Thu, 22 Jun 2023 10:01:02 GMT","""8ac8aa3c5414053de61f649fe776b0db-3""", ,AES256, , , ,bytes,AmazonS3, , , , ,RefreshHit from cloudfront,1.1 e042bf1e56617a2fbe098f111a30b514.cloudfront.net (CloudFront),ZRH55-P1,sMe5mHQ0X8j_EaSRdEYdQYtKEdCODwfW20mbMOnjQPggNEk3KuhMKA==, ,https://d36mvgiamk5bf0.cloudfront.net/myvideo-california.mp4,my content hosted on CloudFront,"{'Content-Type': 'video/mp4', 'Content-Length': '34082855', 'Connection': 'keep-alive', 'Last-Modified': 'Thu, 22 Jun 2023 10:01:02 GMT', 'x-amz-server-side-encryption': 'AES256', 'Accept-Ranges': 'bytes', 'Server': 'AmazonS3', 'Date': 'Thu, 22 Jun 2023 15:55:37 GMT', 'ETag': '""8ac8aa3c5414053de61f649fe776b0db-3""', 'Vary': 'Accept-Encoding', 'X-Cache': 'RefreshHit from cloudfront', 'Via': '1.1 e042bf1e56617a2fbe098f111a30b514.cloudfront.net (CloudFront)', 'X-Amz-Cf-Pop': 'ZRH55-P1', 'X-Amz-Cf-Id': 'sMe5mHQ0X8j_EaSRdEYdQYtKEdCODwfW20mbMOnjQPggNEk3KuhMKA=='}"
22-06-2023_17:55:41:329304,18.165.185.125,720.646, , , ,video/mp4,34082855,keep-alive,"Thu, 22 Jun 2023 15:55:43 GMT","Thu, 22 Jun 2023 10:01:02 GMT","""8ac8aa3c5414053de61f649fe776b0db-3""", ,AES256, , , ,bytes,AmazonS3, , , , ,RefreshHit from cloudfront,1.1 841da31399fe7f7e7065c840a22fae0a.cloudfront.net (CloudFront),ZRH55-P1,p7AuqJocpgwORcsZyR2d0VAWmINmabIa9hmolASKeoRjJ0zjE2gg1g==, ,https://d36mvgiamk5bf0.cloudfront.net/myvideo-california.mp4,my content hosted on CloudFront,"{'Content-Type': 'video/mp4', 'Content-Length': '34082855', 'Connection': 'keep-alive', 'Last-Modified': 'Thu, 22 Jun 2023 10:01:02 GMT', 'x-amz-server-side-encryption': 'AES256', 'Accept-Ranges': 'bytes', 'Server': 'AmazonS3', 'Date': 'Thu, 22 Jun 2023 15:55:43 GMT', 'ETag': '""8ac8aa3c5414053de61f649fe776b0db-3""', 'Vary': 'Accept-Encoding', 'X-Cache': 'RefreshHit from cloudfront', 'Via': '1.1 841da31399fe7f7e7065c840a22fae0a.cloudfront.net (CloudFront)', 'X-Amz-Cf-Pop': 'ZRH55-P1', 'X-Amz-Cf-Id': 'p7AuqJocpgwORcsZyR2d0VAWmINmabIa9hmolASKeoRjJ0zjE2gg1g=='}"
22-06-2023_17:55:47:071992,18.165.185.125,709.6080000000001, , , ,video/mp4,34082855,keep-alive,"Thu, 22 Jun 2023 15:55:48 GMT","Thu, 22 Jun 2023 10:01:02 GMT","""8ac8aa3c5414053de61f649fe776b0db-3""", ,AES256, , , ,bytes,AmazonS3, , , , ,RefreshHit from cloudfront,1.1 a1822b92cbf5d3516743d4786d5b6020.cloudfront.net (CloudFront),ZRH55-P1,u9-hx-swD1wmcOj-JuzbT7pliDIls-3rmkMXjK9A0j1koa4rcTqoQQ==, ,https://d36mvgiamk5bf0.cloudfront.net/myvideo-california.mp4,my content hosted on CloudFront,"{'Content-Type': 'video/mp4', 'Content-Length': '34082855', 'Connection': 'keep-alive', 'Last-Modified': 'Thu, 22 Jun 2023 10:01:02 GMT', 'x-amz-server-side-encryption': 'AES256', 'Accept-Ranges': 'bytes', 'Server': 'AmazonS3', 'Date': 'Thu, 22 Jun 2023 15:55:48 GMT', 'ETag': '""8ac8aa3c5414053de61f649fe776b0db-3""', 'Vary': 'Accept-Encoding', 'X-Cache': 'RefreshHit from cloudfront', 'Via': '1.1 a1822b92cbf5d3516743d4786d5b6020.cloudfront.net (CloudFront)', 'X-Amz-Cf-Pop': 'ZRH55-P1', 'X-Amz-Cf-Id': 'u9-hx-swD1wmcOj-JuzbT7pliDIls-3rmkMXjK9A0j1koa4rcTqoQQ=='}"
22-06-2023_17:55:52:795519,18.165.185.125,711.663, , , ,video/mp4,34082855,keep-alive,"Thu, 22 Jun 2023 15:55:54 GMT","Thu, 22 Jun 2023 10:01:02 GMT","""8ac8aa3c5414053de61f649fe776b0db-3""", ,AES256, , , ,bytes,AmazonS3, , , , ,RefreshHit from cloudfront,1.1 478446fb4d72a1fd99b9a7a5157265f4.cloudfront.net (CloudFront),ZRH55-P1,owa4a66AzcWOvNp3XKuV-0SqrT8S8_XECBYo_QJt3nGA8B7XqpiIaA==, ,https://d36mvgiamk5bf0.cloudfront.net/myvideo-california.mp4,my content hosted on CloudFront,"{'Content-Type': 'video/mp4', 'Content-Length': '34082855', 'Connection': 'keep-alive', 'Last-Modified': 'Thu, 22 Jun 2023 10:01:02 GMT', 'x-amz-server-side-encryption': 'AES256', 'Accept-Ranges': 'bytes', 'Server': 'AmazonS3', 'Date': 'Thu, 22 Jun 2023 15:55:54 GMT', 'ETag': '""8ac8aa3c5414053de61f649fe776b0db-3""', 'Vary': 'Accept-Encoding', 'X-Cache': 'RefreshHit from cloudfront', 'Via': '1.1 478446fb4d72a1fd99b9a7a5157265f4.cloudfront.net (CloudFront)', 'X-Amz-Cf-Pop': 'ZRH55-P1', 'X-Amz-Cf-Id': 'owa4a66AzcWOvNp3XKuV-0SqrT8S8_XECBYo_QJt3nGA8B7XqpiIaA=='}"
22-06-2023_17:55:58:518710,18.165.185.125,715.843, , , ,video/mp4,34082855,keep-alive,"Thu, 22 Jun 2023 15:56:00 GMT","Thu, 22 Jun 2023 10:01:02 GMT","""8ac8aa3c5414053de61f649fe776b0db-3""", ,AES256, , , ,bytes,AmazonS3, , , , ,RefreshHit from cloudfront,1.1 2aefdd231d9806ea2eced3399f411f80.cloudfront.net (CloudFront),ZRH55-P1,AE7XKtWN4ZgdAIB8Vpo1tHJEchAvDeBRoXqiBh49sS6JAVj1Bgjs3g==, ,https://d36mvgiamk5bf0.cloudfront.net/myvideo-california.mp4,my content hosted on CloudFront,"{'Content-Type': 'video/mp4', 'Content-Length': '34082855', 'Connection': 'keep-alive', 'Last-Modified': 'Thu, 22 Jun 2023 10:01:02 GMT', 'x-amz-server-side-encryption': 'AES256', 'Accept-Ranges': 'bytes', 'Server': 'AmazonS3', 'Date': 'Thu, 22 Jun 2023 15:56:00 GMT', 'ETag': '""8ac8aa3c5414053de61f649fe776b0db-3""', 'Vary': 'Accept-Encoding', 'X-Cache': 'RefreshHit from cloudfront', 'Via': '1.1 2aefdd231d9806ea2eced3399f411f80.cloudfront.net (CloudFront)', 'X-Amz-Cf-Pop': 'ZRH55-P1', 'X-Amz-Cf-Id': 'AE7XKtWN4ZgdAIB8Vpo1tHJEchAvDeBRoXqiBh49sS6JAVj1Bgjs3g=='}"
22-06-2023_17:56:04:251376,18.165.185.125,715.1410000000001, , , ,video/mp4,34082855,keep-alive,"Thu, 22 Jun 2023 15:56:05 GMT","Thu, 22 Jun 2023 10:01:02 GMT","""8ac8aa3c5414053de61f649fe776b0db-3""", ,AES256, , , ,bytes,AmazonS3, , , , ,RefreshHit from cloudfront,1.1 aca4cfc16ad0f84e78738cc400bfb7f4.cloudfront.net (CloudFront),ZRH55-P1,FIyqDasF_SNRqLRza-oIyBEwO1EgnJxgBZaf7f_QLmNhl17vW6Jhog==, ,https://d36mvgiamk5bf0.cloudfront.net/myvideo-california.mp4,my content hosted on CloudFront,"{'Content-Type': 'video/mp4', 'Content-Length': '34082855', 'Connection': 'keep-alive', 'Last-Modified': 'Thu, 22 Jun 2023 10:01:02 GMT', 'x-amz-server-side-encryption': 'AES256', 'Accept-Ranges': 'bytes', 'Server': 'AmazonS3', 'Date': 'Thu, 22 Jun 2023 15:56:05 GMT', 'ETag': '""8ac8aa3c5414053de61f649fe776b0db-3""', 'Vary': 'Accept-Encoding', 'X-Cache': 'RefreshHit from cloudfront', 'Via': '1.1 aca4cfc16ad0f84e78738cc400bfb7f4.cloudfront.net (CloudFront)', 'X-Amz-Cf-Pop': 'ZRH55-P1', 'X-Amz-Cf-Id': 'FIyqDasF_SNRqLRza-oIyBEwO1EgnJxgBZaf7f_QLmNhl17vW6Jhog=='}"
22-06-2023_17:56:09:977960,18.165.185.125,712.356, , , ,video/mp4,34082855,keep-alive,"Thu, 22 Jun 2023 15:56:11 GMT","Thu, 22 Jun 2023 10:01:02 GMT","""8ac8aa3c5414053de61f649fe776b0db-3""", ,AES256, , , ,bytes,AmazonS3, , , , ,RefreshHit from cloudfront,1.1 2177a1d449a3e8dc7269040f15d81cb0.cloudfront.net (CloudFront),ZRH55-P1,i6cRDkr_vbnTnzO4_l48Fwl0ijnru0dI3Kllqpp-T8-mPbaHtDyQPA==, ,https://d36mvgiamk5bf0.cloudfront.net/myvideo-california.mp4,my content hosted on CloudFront,"{'Content-Type': 'video/mp4', 'Content-Length': '34082855', 'Connection': 'keep-alive', 'Last-Modified': 'Thu, 22 Jun 2023 10:01:02 GMT', 'x-amz-server-side-encryption': 'AES256', 'Accept-Ranges': 'bytes', 'Server': 'AmazonS3', 'Date': 'Thu, 22 Jun 2023 15:56:11 GMT', 'ETag': '""8ac8aa3c5414053de61f649fe776b0db-3""', 'Vary': 'Accept-Encoding', 'X-Cache': 'RefreshHit from cloudfront', 'Via': '1.1 2177a1d449a3e8dc7269040f15d81cb0.cloudfront.net (CloudFront)', 'X-Amz-Cf-Pop': 'ZRH55-P1', 'X-Amz-Cf-Id': 'i6cRDkr_vbnTnzO4_l48Fwl0ijnru0dI3Kllqpp-T8-mPbaHtDyQPA=='}"
22-06-2023_17:56:15:708897,18.165.185.125,717.718, , , ,video/mp4,34082855,keep-alive,"Thu, 22 Jun 2023 15:56:17 GMT","Thu, 22 Jun 2023 10:01:02 GMT","""8ac8aa3c5414053de61f649fe776b0db-3""", ,AES256, , , ,bytes,AmazonS3, , , , ,RefreshHit from cloudfront,1.1 7eb9eadda041aaab1056a6a0f8080462.cloudfront.net (CloudFront),ZRH55-P1,1_CUnHhpioRtV6om8loRFkIbJhhmXaUGDGV_easmSGMhol_MBhEo4w==, ,https://d36mvgiamk5bf0.cloudfront.net/myvideo-california.mp4,my content hosted on CloudFront,"{'Content-Type': 'video/mp4', 'Content-Length': '34082855', 'Connection': 'keep-alive', 'Last-Modified': 'Thu, 22 Jun 2023 10:01:02 GMT', 'x-amz-server-side-encryption': 'AES256', 'Accept-Ranges': 'bytes', 'Server': 'AmazonS3', 'Date': 'Thu, 22 Jun 2023 15:56:17 GMT', 'ETag': '""8ac8aa3c5414053de61f649fe776b0db-3""', 'Vary': 'Accept-Encoding', 'X-Cache': 'RefreshHit from cloudfront', 'Via': '1.1 7eb9eadda041aaab1056a6a0f8080462.cloudfront.net (CloudFront)', 'X-Amz-Cf-Pop': 'ZRH55-P1', 'X-Amz-Cf-Id': '1_CUnHhpioRtV6om8loRFkIbJhhmXaUGDGV_easmSGMhol_MBhEo4w=='}"
22-06-2023_17:56:21:440829,18.165.185.125,705.386, , , ,video/mp4,34082855,keep-alive,"Thu, 22 Jun 2023 15:56:23 GMT","Thu, 22 Jun 2023 10:01:02 GMT","""8ac8aa3c5414053de61f649fe776b0db-3""", ,AES256, , , ,bytes,AmazonS3, , , , ,RefreshHit from cloudfront,1.1 633b37c269943f0b3472e0abe1a07b2c.cloudfront.net (CloudFront),ZRH55-P1,_P00y0b2fVbuYBH19XI7-fwqzHIPzSRA-AuVAlcm7zyGtETLjLzOdA==, ,https://d36mvgiamk5bf0.cloudfront.net/myvideo-california.mp4,my content hosted on CloudFront,"{'Content-Type': 'video/mp4', 'Content-Length': '34082855', 'Connection': 'keep-alive', 'Last-Modified': 'Thu, 22 Jun 2023 10:01:02 GMT', 'x-amz-server-side-encryption': 'AES256', 'Accept-Ranges': 'bytes', 'Server': 'AmazonS3', 'Date': 'Thu, 22 Jun 2023 15:56:23 GMT', 'ETag': '""8ac8aa3c5414053de61f649fe776b0db-3""', 'Vary': 'Accept-Encoding', 'X-Cache': 'RefreshHit from cloudfront', 'Via': '1.1 633b37c269943f0b3472e0abe1a07b2c.cloudfront.net (CloudFront)', 'X-Amz-Cf-Pop': 'ZRH55-P1', 'X-Amz-Cf-Id': '_P00y0b2fVbuYBH19XI7-fwqzHIPzSRA-AuVAlcm7zyGtETLjLzOdA=='}"
22-06-2023_17:56:27:161717,18.165.185.125,714.885, , , ,video/mp4,34082855,keep-alive,"Thu, 22 Jun 2023 15:56:28 GMT","Thu, 22 Jun 2023 10:01:02 GMT","""8ac8aa3c5414053de61f649fe776b0db-3""", ,AES256, , , ,bytes,AmazonS3, , , , ,RefreshHit from cloudfront,1.1 fec5e83bcae9ab1295b776b3f64183d0.cloudfront.net (CloudFront),ZRH55-P1,-ZHyseaBj5ryFwUAbc5Pfd3UymciXhHZEG4-t847aGfk1tNJyoKI7g==, ,https://d36mvgiamk5bf0.cloudfront.net/myvideo-california.mp4,my content hosted on CloudFront,"{'Content-Type': 'video/mp4', 'Content-Length': '34082855', 'Connection': 'keep-alive', 'Last-Modified': 'Thu, 22 Jun 2023 10:01:02 GMT', 'x-amz-server-side-encryption': 'AES256', 'Accept-Ranges': 'bytes', 'Server': 'AmazonS3', 'Date': 'Thu, 22 Jun 2023 15:56:28 GMT', 'ETag': '""8ac8aa3c5414053de61f649fe776b0db-3""', 'Vary': 'Accept-Encoding', 'X-Cache': 'RefreshHit from cloudfront', 'Via': '1.1 fec5e83bcae9ab1295b776b3f64183d0.cloudfront.net (CloudFront)', 'X-Amz-Cf-Pop': 'ZRH55-P1', 'X-Amz-Cf-Id': '-ZHyseaBj5ryFwUAbc5Pfd3UymciXhHZEG4-t847aGfk1tNJyoKI7g=='}"
22-06-2023_17:56:32:896887,18.165.185.125,710.278, , , ,video/mp4,34082855,keep-alive,"Thu, 22 Jun 2023 15:56:34 GMT","Thu, 22 Jun 2023 10:01:02 GMT","""8ac8aa3c5414053de61f649fe776b0db-3""", ,AES256, , , ,bytes,AmazonS3, , , , ,RefreshHit from cloudfront,1.1 2177a1d449a3e8dc7269040f15d81cb0.cloudfront.net (CloudFront),ZRH55-P1,zIzcc8G_5eKV49CeFbwjifxdWn-cDd1E3WtntlTELg6krSI4d4miDQ==, ,https://d36mvgiamk5bf0.cloudfront.net/myvideo-california.mp4,my content hosted on CloudFront,"{'Content-Type': 'video/mp4', 'Content-Length': '34082855', 'Connection': 'keep-alive', 'Last-Modified': 'Thu, 22 Jun 2023 10:01:02 GMT', 'x-amz-server-side-encryption': 'AES256', 'Accept-Ranges': 'bytes', 'Server': 'AmazonS3', 'Date': 'Thu, 22 Jun 2023 15:56:34 GMT', 'ETag': '""8ac8aa3c5414053de61f649fe776b0db-3""', 'Vary': 'Accept-Encoding', 'X-Cache': 'RefreshHit from cloudfront', 'Via': '1.1 2177a1d449a3e8dc7269040f15d81cb0.cloudfront.net (CloudFront)', 'X-Amz-Cf-Pop': 'ZRH55-P1', 'X-Amz-Cf-Id': 'zIzcc8G_5eKV49CeFbwjifxdWn-cDd1E3WtntlTELg6krSI4d4miDQ=='}"
22-06-2023_17:56:38:620632,18.165.185.125,710.659, , , ,video/mp4,34082855,keep-alive,"Thu, 22 Jun 2023 15:56:40 GMT","Thu, 22 Jun 2023 10:01:02 GMT","""8ac8aa3c5414053de61f649fe776b0db-3""", ,AES256, , , ,bytes,AmazonS3, , , , ,RefreshHit from cloudfront,1.1 abd012b9637ad93b7c9aa82d2cfb262c.cloudfront.net (CloudFront),ZRH55-P1,dtJby-D59LqrigCvaljdHl97EKx5Mu2vdk1aGumeLcYGksvZCV-QCw==, ,https://d36mvgiamk5bf0.cloudfront.net/myvideo-california.mp4,my content hosted on CloudFront,"{'Content-Type': 'video/mp4', 'Content-Length': '34082855', 'Connection': 'keep-alive', 'Last-Modified': 'Thu, 22 Jun 2023 10:01:02 GMT', 'x-amz-server-side-encryption': 'AES256', 'Accept-Ranges': 'bytes', 'Server': 'AmazonS3', 'Date': 'Thu, 22 Jun 2023 15:56:40 GMT', 'ETag': '""8ac8aa3c5414053de61f649fe776b0db-3""', 'Vary': 'Accept-Encoding', 'X-Cache': 'RefreshHit from cloudfront', 'Via': '1.1 abd012b9637ad93b7c9aa82d2cfb262c.cloudfront.net (CloudFront)', 'X-Amz-Cf-Pop': 'ZRH55-P1', 'X-Amz-Cf-Id': 'dtJby-D59LqrigCvaljdHl97EKx5Mu2vdk1aGumeLcYGksvZCV-QCw=='}"
22-06-2023_17:56:44:349397,18.165.185.131,711.109, , , ,video/mp4,34082855,keep-alive,"Thu, 22 Jun 2023 15:56:46 GMT","Thu, 22 Jun 2023 10:01:02 GMT","""8ac8aa3c5414053de61f649fe776b0db-3""", ,AES256, , , ,bytes,AmazonS3, , , , ,RefreshHit from cloudfront,1.1 c7311454ce938e04f3523616a5b033da.cloudfront.net (CloudFront),ZRH55-P1,YfD29zQ9tNsY1Y8l2E3XGSPPyLIYJ-sLJy8xHrucnCMvmwEjYFWPEQ==, ,https://d36mvgiamk5bf0.cloudfront.net/myvideo-california.mp4,my content hosted on CloudFront,"{'Content-Type': 'video/mp4', 'Content-Length': '34082855', 'Connection': 'keep-alive', 'Last-Modified': 'Thu, 22 Jun 2023 10:01:02 GMT', 'x-amz-server-side-encryption': 'AES256', 'Accept-Ranges': 'bytes', 'Server': 'AmazonS3', 'Date': 'Thu, 22 Jun 2023 15:56:46 GMT', 'ETag': '""8ac8aa3c5414053de61f649fe776b0db-3""', 'Vary': 'Accept-Encoding', 'X-Cache': 'RefreshHit from cloudfront', 'Via': '1.1 c7311454ce938e04f3523616a5b033da.cloudfront.net (CloudFront)', 'X-Amz-Cf-Pop': 'ZRH55-P1', 'X-Amz-Cf-Id': 'YfD29zQ9tNsY1Y8l2E3XGSPPyLIYJ-sLJy8xHrucnCMvmwEjYFWPEQ=='}"
22-06-2023_17:56:50:071972,18.165.185.131,708.28, , , ,video/mp4,34082855,keep-alive,"Thu, 22 Jun 2023 15:56:51 GMT","Thu, 22 Jun 2023 10:01:02 GMT","""8ac8aa3c5414053de61f649fe776b0db-3""", ,AES256, , , ,bytes,AmazonS3, , , , ,RefreshHit from cloudfront,1.1 aca4cfc16ad0f84e78738cc400bfb7f4.cloudfront.net (CloudFront),ZRH55-P1,mdNGl05uVEyeOZeuLU8RT61t80mGkwzVaGhVn2I_iWOhyS2FCYIg0g==, ,https://d36mvgiamk5bf0.cloudfront.net/myvideo-california.mp4,my content hosted on CloudFront,"{'Content-Type': 'video/mp4', 'Content-Length': '34082855', 'Connection': 'keep-alive', 'Last-Modified': 'Thu, 22 Jun 2023 10:01:02 GMT', 'x-amz-server-side-encryption': 'AES256', 'Accept-Ranges': 'bytes', 'Server': 'AmazonS3', 'Date': 'Thu, 22 Jun 2023 15:56:51 GMT', 'ETag': '""8ac8aa3c5414053de61f649fe776b0db-3""', 'Vary': 'Accept-Encoding', 'X-Cache': 'RefreshHit from cloudfront', 'Via': '1.1 aca4cfc16ad0f84e78738cc400bfb7f4.cloudfront.net (CloudFront)', 'X-Amz-Cf-Pop': 'ZRH55-P1', 'X-Amz-Cf-Id': 'mdNGl05uVEyeOZeuLU8RT61t80mGkwzVaGhVn2I_iWOhyS2FCYIg0g=='}"
22-06-2023_17:56:55:797688,18.165.185.131,713.149, , , ,video/mp4,34082855,keep-alive,"Thu, 22 Jun 2023 15:56:57 GMT","Thu, 22 Jun 2023 10:01:02 GMT","""8ac8aa3c5414053de61f649fe776b0db-3""", ,AES256, , , ,bytes,AmazonS3, , , , ,RefreshHit from cloudfront,1.1 ca6974974a9175b71fb6a84145111ed2.cloudfront.net (CloudFront),ZRH55-P1,chmom0oW_w1ISmUOFrlKDaWgdBkJofz3KbCvlxyIUJ434NtOdNSD2w==, ,https://d36mvgiamk5bf0.cloudfront.net/myvideo-california.mp4,my content hosted on CloudFront,"{'Content-Type': 'video/mp4', 'Content-Length': '34082855', 'Connection': 'keep-alive', 'Last-Modified': 'Thu, 22 Jun 2023 10:01:02 GMT', 'x-amz-server-side-encryption': 'AES256', 'Accept-Ranges': 'bytes', 'Server': 'AmazonS3', 'Date': 'Thu, 22 Jun 2023 15:56:57 GMT', 'ETag': '""8ac8aa3c5414053de61f649fe776b0db-3""', 'Vary': 'Accept-Encoding', 'X-Cache': 'RefreshHit from cloudfront', 'Via': '1.1 ca6974974a9175b71fb6a84145111ed2.cloudfront.net (CloudFront)', 'X-Amz-Cf-Pop': 'ZRH55-P1', 'X-Amz-Cf-Id': 'chmom0oW_w1ISmUOFrlKDaWgdBkJofz3KbCvlxyIUJ434NtOdNSD2w=='}"
22-06-2023_17:57:01:526778,18.165.185.131,719.167, , , ,video/mp4,34082855,keep-alive,"Thu, 22 Jun 2023 15:57:03 GMT","Thu, 22 Jun 2023 10:01:02 GMT","""8ac8aa3c5414053de61f649fe776b0db-3""", ,AES256, , , ,bytes,AmazonS3, , , , ,RefreshHit from cloudfront,1.1 49039a44484a184312d8f608c205b640.cloudfront.net (CloudFront),ZRH55-P1,SPTtc9o4DHg5eEvwv_MbAELDe8Iaf6ciLqArZemokI0tnq6-ybKJtw==, ,https://d36mvgiamk5bf0.cloudfront.net/myvideo-california.mp4,my content hosted on CloudFront,"{'Content-Type': 'video/mp4', 'Content-Length': '34082855', 'Connection': 'keep-alive', 'Last-Modified': 'Thu, 22 Jun 2023 10:01:02 GMT', 'x-amz-server-side-encryption': 'AES256', 'Accept-Ranges': 'bytes', 'Server': 'AmazonS3', 'Date': 'Thu, 22 Jun 2023 15:57:03 GMT', 'ETag': '""8ac8aa3c5414053de61f649fe776b0db-3""', 'Vary': 'Accept-Encoding', 'X-Cache': 'RefreshHit from cloudfront', 'Via': '1.1 49039a44484a184312d8f608c205b640.cloudfront.net (CloudFront)', 'X-Amz-Cf-Pop': 'ZRH55-P1', 'X-Amz-Cf-Id': 'SPTtc9o4DHg5eEvwv_MbAELDe8Iaf6ciLqArZemokI0tnq6-ybKJtw=='}"
22-06-2023_17:57:07:262310,18.165.185.131,708.941, , , ,video/mp4,34082855,keep-alive,"Thu, 22 Jun 2023 15:57:09 GMT","Thu, 22 Jun 2023 10:01:02 GMT","""8ac8aa3c5414053de61f649fe776b0db-3""", ,AES256, , , ,bytes,AmazonS3, , , , ,RefreshHit from cloudfront,1.1 d75d7156b5e1833582c3070298720664.cloudfront.net (CloudFront),ZRH55-P1,peIwaYSH-UHplk_SK5Zk0KBo8oxPU-QubWnmFslab1vt5cJ6feMiYw==, ,https://d36mvgiamk5bf0.cloudfront.net/myvideo-california.mp4,my content hosted on CloudFront,"{'Content-Type': 'video/mp4', 'Content-Length': '34082855', 'Connection': 'keep-alive', 'Last-Modified': 'Thu, 22 Jun 2023 10:01:02 GMT', 'x-amz-server-side-encryption': 'AES256', 'Accept-Ranges': 'bytes', 'Server': 'AmazonS3', 'Date': 'Thu, 22 Jun 2023 15:57:09 GMT', 'ETag': '""8ac8aa3c5414053de61f649fe776b0db-3""', 'Vary': 'Accept-Encoding', 'X-Cache': 'RefreshHit from cloudfront', 'Via': '1.1 d75d7156b5e1833582c3070298720664.cloudfront.net (CloudFront)', 'X-Amz-Cf-Pop': 'ZRH55-P1', 'X-Amz-Cf-Id': 'peIwaYSH-UHplk_SK5Zk0KBo8oxPU-QubWnmFslab1vt5cJ6feMiYw=='}"
22-06-2023_17:57:12:986941,18.165.185.131,714.068, , , ,video/mp4,34082855,keep-alive,"Thu, 22 Jun 2023 15:57:14 GMT","Thu, 22 Jun 2023 10:01:02 GMT","""8ac8aa3c5414053de61f649fe776b0db-3""", ,AES256, , , ,bytes,AmazonS3, , , , ,RefreshHit from cloudfront,1.1 ca6974974a9175b71fb6a84145111ed2.cloudfront.net (CloudFront),ZRH55-P1,RePZthH6TJc6hHF84yMg18-d6mRy8GZdy8F8TyQn3nh7PAOXgbaSMQ==, ,https://d36mvgiamk5bf0.cloudfront.net/myvideo-california.mp4,my content hosted on CloudFront,"{'Content-Type': 'video/mp4', 'Content-Length': '34082855', 'Connection': 'keep-alive', 'Last-Modified': 'Thu, 22 Jun 2023 10:01:02 GMT', 'x-amz-server-side-encryption': 'AES256', 'Accept-Ranges': 'bytes', 'Server': 'AmazonS3', 'Date': 'Thu, 22 Jun 2023 15:57:14 GMT', 'ETag': '""8ac8aa3c5414053de61f649fe776b0db-3""', 'Vary': 'Accept-Encoding', 'X-Cache': 'RefreshHit from cloudfront', 'Via': '1.1 ca6974974a9175b71fb6a84145111ed2.cloudfront.net (CloudFront)', 'X-Amz-Cf-Pop': 'ZRH55-P1', 'X-Amz-Cf-Id': 'RePZthH6TJc6hHF84yMg18-d6mRy8GZdy8F8TyQn3nh7PAOXgbaSMQ=='}"
22-06-2023_17:57:18:716416,18.165.185.131,709.27, , , ,video/mp4,34082855,keep-alive,"Thu, 22 Jun 2023 15:57:20 GMT","Thu, 22 Jun 2023 10:01:02 GMT","""8ac8aa3c5414053de61f649fe776b0db-3""", ,AES256, , , ,bytes,AmazonS3, , , , ,RefreshHit from cloudfront,1.1 841da31399fe7f7e7065c840a22fae0a.cloudfront.net (CloudFront),ZRH55-P1,g25BeMLWmBc8PvqTv2hc2Cxmol-l4WCcUkCR9KxLaTJJnSTsNSGxVg==, ,https://d36mvgiamk5bf0.cloudfront.net/myvideo-california.mp4,my content hosted on CloudFront,"{'Content-Type': 'video/mp4', 'Content-Length': '34082855', 'Connection': 'keep-alive', 'Last-Modified': 'Thu, 22 Jun 2023 10:01:02 GMT', 'x-amz-server-side-encryption': 'AES256', 'Accept-Ranges': 'bytes', 'Server': 'AmazonS3', 'Date': 'Thu, 22 Jun 2023 15:57:20 GMT', 'ETag': '""8ac8aa3c5414053de61f649fe776b0db-3""', 'Vary': 'Accept-Encoding', 'X-Cache': 'RefreshHit from cloudfront', 'Via': '1.1 841da31399fe7f7e7065c840a22fae0a.cloudfront.net (CloudFront)', 'X-Amz-Cf-Pop': 'ZRH55-P1', 'X-Amz-Cf-Id': 'g25BeMLWmBc8PvqTv2hc2Cxmol-l4WCcUkCR9KxLaTJJnSTsNSGxVg=='}"
22-06-2023_17:57:24:438166,18.165.185.131,714.2230000000001, , , ,video/mp4,34082855,keep-alive,"Thu, 22 Jun 2023 15:57:26 GMT","Thu, 22 Jun 2023 10:01:02 GMT","""8ac8aa3c5414053de61f649fe776b0db-3""", ,AES256, , , ,bytes,AmazonS3, , , , ,RefreshHit from cloudfront,1.1 20e88007b6f5218ef5942bc3581c73b8.cloudfront.net (CloudFront),ZRH55-P1,dAgf19VfUSekKNlLROoqOpOGkC6xSBBTsXMwjnVTltKeKY8KvqQPhw==, ,https://d36mvgiamk5bf0.cloudfront.net/myvideo-california.mp4,my content hosted on CloudFront,"{'Content-Type': 'video/mp4', 'Content-Length': '34082855', 'Connection': 'keep-alive', 'Last-Modified': 'Thu, 22 Jun 2023 10:01:02 GMT', 'x-amz-server-side-encryption': 'AES256', 'Accept-Ranges': 'bytes', 'Server': 'AmazonS3', 'Date': 'Thu, 22 Jun 2023 15:57:26 GMT', 'ETag': '""8ac8aa3c5414053de61f649fe776b0db-3""', 'Vary': 'Accept-Encoding', 'X-Cache': 'RefreshHit from cloudfront', 'Via': '1.1 20e88007b6f5218ef5942bc3581c73b8.cloudfront.net (CloudFront)', 'X-Amz-Cf-Pop': 'ZRH55-P1', 'X-Amz-Cf-Id': 'dAgf19VfUSekKNlLROoqOpOGkC6xSBBTsXMwjnVTltKeKY8KvqQPhw=='}"
22-06-2023_17:57:30:169264,18.165.185.131,709.851, , , ,video/mp4,34082855,keep-alive,"Thu, 22 Jun 2023 15:57:31 GMT","Thu, 22 Jun 2023 10:01:02 GMT","""8ac8aa3c5414053de61f649fe776b0db-3""", ,AES256, , , ,bytes,AmazonS3, , , , ,RefreshHit from cloudfront,1.1 2177a1d449a3e8dc7269040f15d81cb0.cloudfront.net (CloudFront),ZRH55-P1,0u1Kl5Jk0aNXR18ZX1RikBjPgMKgL-0lutGE7wzQQjygnoMpJsoBWw==, ,https://d36mvgiamk5bf0.cloudfront.net/myvideo-california.mp4,my content hosted on CloudFront,"{'Content-Type': 'video/mp4', 'Content-Length': '34082855', 'Connection': 'keep-alive', 'Last-Modified': 'Thu, 22 Jun 2023 10:01:02 GMT', 'x-amz-server-side-encryption': 'AES256', 'Accept-Ranges': 'bytes', 'Server': 'AmazonS3', 'Date': 'Thu, 22 Jun 2023 15:57:31 GMT', 'ETag': '""8ac8aa3c5414053de61f649fe776b0db-3""', 'Vary': 'Accept-Encoding', 'X-Cache': 'RefreshHit from cloudfront', 'Via': '1.1 2177a1d449a3e8dc7269040f15d81cb0.cloudfront.net (CloudFront)', 'X-Amz-Cf-Pop': 'ZRH55-P1', 'X-Amz-Cf-Id': '0u1Kl5Jk0aNXR18ZX1RikBjPgMKgL-0lutGE7wzQQjygnoMpJsoBWw=='}"
22-06-2023_17:57:35:895076,18.165.185.131,714.481, , , ,video/mp4,34082855,keep-alive,"Thu, 22 Jun 2023 15:57:37 GMT","Thu, 22 Jun 2023 10:01:02 GMT","""8ac8aa3c5414053de61f649fe776b0db-3""", ,AES256, , , ,bytes,AmazonS3, , , , ,RefreshHit from cloudfront,1.1 e042bf1e56617a2fbe098f111a30b514.cloudfront.net (CloudFront),ZRH55-P1,KFMBtLWMrSeprEqedJ009jeAROaj2HkpvQffJ7Fqzt_BW93n8xMnZA==, ,https://d36mvgiamk5bf0.cloudfront.net/myvideo-california.mp4,my content hosted on CloudFront,"{'Content-Type': 'video/mp4', 'Content-Length': '34082855', 'Connection': 'keep-alive', 'Last-Modified': 'Thu, 22 Jun 2023 10:01:02 GMT', 'x-amz-server-side-encryption': 'AES256', 'Accept-Ranges': 'bytes', 'Server': 'AmazonS3', 'Date': 'Thu, 22 Jun 2023 15:57:37 GMT', 'ETag': '""8ac8aa3c5414053de61f649fe776b0db-3""', 'Vary': 'Accept-Encoding', 'X-Cache': 'RefreshHit from cloudfront', 'Via': '1.1 e042bf1e56617a2fbe098f111a30b514.cloudfront.net (CloudFront)', 'X-Amz-Cf-Pop': 'ZRH55-P1', 'X-Amz-Cf-Id': 'KFMBtLWMrSeprEqedJ009jeAROaj2HkpvQffJ7Fqzt_BW93n8xMnZA=='}"
22-06-2023_17:57:41:621092,18.165.185.131,712.173, , , ,video/mp4,34082855,keep-alive,"Thu, 22 Jun 2023 15:57:43 GMT","Thu, 22 Jun 2023 10:01:02 GMT","""8ac8aa3c5414053de61f649fe776b0db-3""", ,AES256, , , ,bytes,AmazonS3, , , , ,RefreshHit from cloudfront,1.1 b50b0f4274b74414c7dcdb544e6090a2.cloudfront.net (CloudFront),ZRH55-P1,9L0Y-YNTXKPEkOSK8vQ1IqVwk7GIf-HYIFEOwJyrhrh5uSBTbp7kGw==, ,https://d36mvgiamk5bf0.cloudfront.net/myvideo-california.mp4,my content hosted on CloudFront,"{'Content-Type': 'video/mp4', 'Content-Length': '34082855', 'Connection': 'keep-alive', 'Last-Modified': 'Thu, 22 Jun 2023 10:01:02 GMT', 'x-amz-server-side-encryption': 'AES256', 'Accept-Ranges': 'bytes', 'Server': 'AmazonS3', 'Date': 'Thu, 22 Jun 2023 15:57:43 GMT', 'ETag': '""8ac8aa3c5414053de61f649fe776b0db-3""', 'Vary': 'Accept-Encoding', 'X-Cache': 'RefreshHit from cloudfront', 'Via': '1.1 b50b0f4274b74414c7dcdb544e6090a2.cloudfront.net (CloudFront)', 'X-Amz-Cf-Pop': 'ZRH55-P1', 'X-Amz-Cf-Id': '9L0Y-YNTXKPEkOSK8vQ1IqVwk7GIf-HYIFEOwJyrhrh5uSBTbp7kGw=='}"
22-06-2023_17:57:47:344133,18.165.185.131,714.195, , , ,video/mp4,34082855,keep-alive,"Thu, 22 Jun 2023 15:57:49 GMT","Thu, 22 Jun 2023 10:01:02 GMT","""8ac8aa3c5414053de61f649fe776b0db-3""", ,AES256, , , ,bytes,AmazonS3, , , , ,RefreshHit from cloudfront,1.1 179ba4c3ce59451c080c2ed7517bcb96.cloudfront.net (CloudFront),ZRH55-P1,27MhHL6j84DydloM54DbTGnA4Mpq1OJNWmYXXR7mk_BlHBOaw-KgYg==, ,https://d36mvgiamk5bf0.cloudfront.net/myvideo-california.mp4,my content hosted on CloudFront,"{'Content-Type': 'video/mp4', 'Content-Length': '34082855', 'Connection': 'keep-alive', 'Last-Modified': 'Thu, 22 Jun 2023 10:01:02 GMT', 'x-amz-server-side-encryption': 'AES256', 'Accept-Ranges': 'bytes', 'Server': 'AmazonS3', 'Date': 'Thu, 22 Jun 2023 15:57:49 GMT', 'ETag': '""8ac8aa3c5414053de61f649fe776b0db-3""', 'Vary': 'Accept-Encoding', 'X-Cache': 'RefreshHit from cloudfront', 'Via': '1.1 179ba4c3ce59451c080c2ed7517bcb96.cloudfront.net (CloudFront)', 'X-Amz-Cf-Pop': 'ZRH55-P1', 'X-Amz-Cf-Id': '27MhHL6j84DydloM54DbTGnA4Mpq1OJNWmYXXR7mk_BlHBOaw-KgYg=='}"
22-06-2023_17:57:53:071941,18.165.185.131,711.584, , , ,video/mp4,34082855,keep-alive,"Thu, 22 Jun 2023 15:57:54 GMT","Thu, 22 Jun 2023 10:01:02 GMT","""8ac8aa3c5414053de61f649fe776b0db-3""", ,AES256, , , ,bytes,AmazonS3, , , , ,RefreshHit from cloudfront,1.1 478446fb4d72a1fd99b9a7a5157265f4.cloudfront.net (CloudFront),ZRH55-P1,A0iucgyYVsGLzVS1pt_dHZyr7LdUWF4R8ejWQDqxrcTqQd_5xpKrzw==, ,https://d36mvgiamk5bf0.cloudfront.net/myvideo-california.mp4,my content hosted on CloudFront,"{'Content-Type': 'video/mp4', 'Content-Length': '34082855', 'Connection': 'keep-alive', 'Last-Modified': 'Thu, 22 Jun 2023 10:01:02 GMT', 'x-amz-server-side-encryption': 'AES256', 'Accept-Ranges': 'bytes', 'Server': 'AmazonS3', 'Date': 'Thu, 22 Jun 2023 15:57:54 GMT', 'ETag': '""8ac8aa3c5414053de61f649fe776b0db-3""', 'Vary': 'Accept-Encoding', 'X-Cache': 'RefreshHit from cloudfront', 'Via': '1.1 478446fb4d72a1fd99b9a7a5157265f4.cloudfront.net (CloudFront)', 'X-Amz-Cf-Pop': 'ZRH55-P1', 'X-Amz-Cf-Id': 'A0iucgyYVsGLzVS1pt_dHZyr7LdUWF4R8ejWQDqxrcTqQd_5xpKrzw=='}"
22-06-2023_17:57:58:801835,18.165.185.131,720.108, , , ,video/mp4,34082855,keep-alive,"Thu, 22 Jun 2023 15:58:00 GMT","Thu, 22 Jun 2023 10:01:02 GMT","""8ac8aa3c5414053de61f649fe776b0db-3""", ,AES256, , , ,bytes,AmazonS3, , , , ,RefreshHit from cloudfront,1.1 49039a44484a184312d8f608c205b640.cloudfront.net (CloudFront),ZRH55-P1,Uknwrbw-dRrAmfltlK5VhtDCZBJL9OAeRKFHAKLSNsJfh_cqZqKAZA==, ,https://d36mvgiamk5bf0.cloudfront.net/myvideo-california.mp4,my content hosted on CloudFront,"{'Content-Type': 'video/mp4', 'Content-Length': '34082855', 'Connection': 'keep-alive', 'Last-Modified': 'Thu, 22 Jun 2023 10:01:02 GMT', 'x-amz-server-side-encryption': 'AES256', 'Accept-Ranges': 'bytes', 'Server': 'AmazonS3', 'Date': 'Thu, 22 Jun 2023 15:58:00 GMT', 'ETag': '""8ac8aa3c5414053de61f649fe776b0db-3""', 'Vary': 'Accept-Encoding', 'X-Cache': 'RefreshHit from cloudfront', 'Via': '1.1 49039a44484a184312d8f608c205b640.cloudfront.net (CloudFront)', 'X-Amz-Cf-Pop': 'ZRH55-P1', 'X-Amz-Cf-Id': 'Uknwrbw-dRrAmfltlK5VhtDCZBJL9OAeRKFHAKLSNsJfh_cqZqKAZA=='}"
22-06-2023_17:58:04:535893,18.165.185.131,712.324, , , ,video/mp4,34082855,keep-alive,"Thu, 22 Jun 2023 15:58:06 GMT","Thu, 22 Jun 2023 10:01:02 GMT","""8ac8aa3c5414053de61f649fe776b0db-3""", ,AES256, , , ,bytes,AmazonS3, , , , ,RefreshHit from cloudfront,1.1 fa2f998214db1c6c6bdb96ceff3ce5d8.cloudfront.net (CloudFront),ZRH55-P1,o82cRnXt5GsNHCS9eaaLFyQbIIV_rLOjgVSjn456cVJIlvRNh8hTHw==, ,https://d36mvgiamk5bf0.cloudfront.net/myvideo-california.mp4,my content hosted on CloudFront,"{'Content-Type': 'video/mp4', 'Content-Length': '34082855', 'Connection': 'keep-alive', 'Last-Modified': 'Thu, 22 Jun 2023 10:01:02 GMT', 'x-amz-server-side-encryption': 'AES256', 'Accept-Ranges': 'bytes', 'Server': 'AmazonS3', 'Date': 'Thu, 22 Jun 2023 15:58:06 GMT', 'ETag': '""8ac8aa3c5414053de61f649fe776b0db-3""', 'Vary': 'Accept-Encoding', 'X-Cache': 'RefreshHit from cloudfront', 'Via': '1.1 fa2f998214db1c6c6bdb96ceff3ce5d8.cloudfront.net (CloudFront)', 'X-Amz-Cf-Pop': 'ZRH55-P1', 'X-Amz-Cf-Id': 'o82cRnXt5GsNHCS9eaaLFyQbIIV_rLOjgVSjn456cVJIlvRNh8hTHw=='}"
