timestamp(dd-mm-yyyy hh:mm:ss:ms),responseIP,latency(ms),traceroute_ips,traceroute_hnames,hop count,Content-Type,Content-Length,Connection,Date,Last-Modified,ETag,x-amz-storage-class,x-amz-server-side-encryption,x-amz-meta-dv-checksum-sha-1,x-amz-meta-dv-checksum-md5,x-amz-meta-dv-checksum-sha-256,Accept-Ranges,Server,X-Server-IP,X-Server-IP_hops,X-Server-IP_hnames,X-Server-IP_hopcount,X-Cache,Via,X-Amz-Cf-Pop,X-Amz-Cf-Id,Age,url,info,reasponseHeaders
22-06-2023_17:55:23:095133,18.165.185.183,720.7249999999999, , , ,video/mp4,34082855,keep-alive,"Thu, 22 Jun 2023 15:55:24 GMT","Thu, 22 Jun 2023 10:01:02 GMT","""8ac8aa3c5414053de61f649fe776b0db-3""", ,AES256, , , ,bytes,AmazonS3, , , , ,RefreshHit from cloudfront,1.1 2177a1d449a3e8dc7269040f15d81cb0.cloudfront.net (CloudFront),ZRH55-P1,IzNRIzru_Zwcfltnei6x0CZ8Lf9ttyTq7Rldruz_UztUaLpvwjCbag==, ,https://d2ujgmo1oihwsm.cloudfront.net/myvideo-california.mp4,my content hosted on CloudFront,"{'Content-Type': 'video/mp4', 'Content-Length': '34082855', 'Connection': 'keep-alive', 'Last-Modified': 'Thu, 22 Jun 2023 10:01:02 GMT', 'x-amz-server-side-encryption': 'AES256', 'Accept-Ranges': 'bytes', 'Server': 'AmazonS3', 'Date': 'Thu, 22 Jun 2023 15:55:24 GMT', 'ETag': '""8ac8aa3c5414053de61f649fe776b0db-3""', 'Vary': 'Accept-Encoding', 'X-Cache': 'RefreshHit from cloudfront', 'Via': '1.1 2177a1d449a3e8dc7269040f15d81cb0.cloudfront.net (CloudFront)', 'X-Amz-Cf-Pop': 'ZRH55-P1', 'X-Amz-Cf-Id': 'IzNRIzru_Zwcfltnei6x0CZ8Lf9ttyTq7Rldruz_UztUaLpvwjCbag=='}"
22-06-2023_17:55:28:866977,18.165.185.183,694.044, , , ,video/mp4,34082855,keep-alive,"Thu, 22 Jun 2023 15:55:30 GMT","Thu, 22 Jun 2023 10:01:02 GMT","""8ac8aa3c5414053de61f649fe776b0db-3""", ,AES256, , , ,bytes,AmazonS3, , , , ,RefreshHit from cloudfront,1.1 e042bf1e56617a2fbe098f111a30b514.cloudfront.net (CloudFront),ZRH55-P1,A8bMO-SD90BIrwlwrJuD5Lx8LFkAR3sPJ1bHBO4z6yPLfsoA1kByzw==, ,https://d2ujgmo1oihwsm.cloudfront.net/myvideo-california.mp4,my content hosted on CloudFront,"{'Content-Type': 'video/mp4', 'Content-Length': '34082855', 'Connection': 'keep-alive', 'Last-Modified': 'Thu, 22 Jun 2023 10:01:02 GMT', 'x-amz-server-side-encryption': 'AES256', 'Accept-Ranges': 'bytes', 'Server': 'AmazonS3', 'Date': 'Thu, 22 Jun 2023 15:55:30 GMT', 'ETag': '""8ac8aa3c5414053de61f649fe776b0db-3""', 'Vary': 'Accept-Encoding', 'X-Cache': 'RefreshHit from cloudfront', 'Via': '1.1 e042bf1e56617a2fbe098f111a30b514.cloudfront.net (CloudFront)', 'X-Amz-Cf-Pop': 'ZRH55-P1', 'X-Amz-Cf-Id': 'A8bMO-SD90BIrwlwrJuD5Lx8LFkAR3sPJ1bHBO4z6yPLfsoA1kByzw=='}"
22-06-2023_17:55:34:590950,18.165.185.183,706.194, , , ,video/mp4,34082855,keep-alive,"Thu, 22 Jun 2023 15:55:36 GMT","Thu, 22 Jun 2023 10:01:02 GMT","""8ac8aa3c5414053de61f649fe776b0db-3""", ,AES256, , , ,bytes,AmazonS3, , , , ,RefreshHit from cloudfront,1.1 633b37c269943f0b3472e0abe1a07b2c.cloudfront.net (CloudFront),ZRH55-P1,Kl3aJiNxLeXOCB6EkbNrzS13BJ3fRBn_V34mkY9GIgrPzQ8i8GQmtQ==, ,https://d2ujgmo1oihwsm.cloudfront.net/myvideo-california.mp4,my content hosted on CloudFront,"{'Content-Type': 'video/mp4', 'Content-Length': '34082855', 'Connection': 'keep-alive', 'Last-Modified': 'Thu, 22 Jun 2023 10:01:02 GMT', 'x-amz-server-side-encryption': 'AES256', 'Accept-Ranges': 'bytes', 'Server': 'AmazonS3', 'Date': 'Thu, 22 Jun 2023 15:55:36 GMT', 'ETag': '""8ac8aa3c5414053de61f649fe776b0db-3""', 'Vary': 'Accept-Encoding', 'X-Cache': 'RefreshHit from cloudfront', 'Via': '1.1 633b37c269943f0b3472e0abe1a07b2c.cloudfront.net (CloudFront)', 'X-Amz-Cf-Pop': 'ZRH55-P1', 'X-Amz-Cf-Id': 'Kl3aJiNxLeXOCB6EkbNrzS13BJ3fRBn_V34mkY9GIgrPzQ8i8GQmtQ=='}"
22-06-2023_17:55:40:327631,18.165.185.183,693.755, , , ,video/mp4,34082855,keep-alive,"Thu, 22 Jun 2023 15:55:42 GMT","Thu, 22 Jun 2023 10:01:02 GMT","""8ac8aa3c5414053de61f649fe776b0db-3""", ,AES256, , , ,bytes,AmazonS3, , , , ,RefreshHit from cloudfront,1.1 ff571229df9f46b01b0e434bcb36f9e6.cloudfront.net (CloudFront),ZRH55-P1,PwO04QJmNf5uUqA-DBWmelx9o6VGsA6cShiohtJ4qH5KkYy0H95z_w==, ,https://d2ujgmo1oihwsm.cloudfront.net/myvideo-california.mp4,my content hosted on CloudFront,"{'Content-Type': 'video/mp4', 'Content-Length': '34082855', 'Connection': 'keep-alive', 'Last-Modified': 'Thu, 22 Jun 2023 10:01:02 GMT', 'x-amz-server-side-encryption': 'AES256', 'Accept-Ranges': 'bytes', 'Server': 'AmazonS3', 'Date': 'Thu, 22 Jun 2023 15:55:42 GMT', 'ETag': '""8ac8aa3c5414053de61f649fe776b0db-3""', 'Vary': 'Accept-Encoding', 'X-Cache': 'RefreshHit from cloudfront', 'Via': '1.1 ff571229df9f46b01b0e434bcb36f9e6.cloudfront.net (CloudFront)', 'X-Amz-Cf-Pop': 'ZRH55-P1', 'X-Amz-Cf-Id': 'PwO04QJmNf5uUqA-DBWmelx9o6VGsA6cShiohtJ4qH5KkYy0H95z_w=='}"
22-06-2023_17:55:46:062929,18.165.185.183,694.096, , , ,video/mp4,34082855,keep-alive,"Thu, 22 Jun 2023 15:55:47 GMT","Thu, 22 Jun 2023 10:01:02 GMT","""8ac8aa3c5414053de61f649fe776b0db-3""", ,AES256, , , ,bytes,AmazonS3, , , , ,RefreshHit from cloudfront,1.1 fec5e83bcae9ab1295b776b3f64183d0.cloudfront.net (CloudFront),ZRH55-P1,gKBdEgQMs89Iw3cwnKZMa7IlRYjT-cdE_YHW294bzOBGr7cOhEvKig==, ,https://d2ujgmo1oihwsm.cloudfront.net/myvideo-california.mp4,my content hosted on CloudFront,"{'Content-Type': 'video/mp4', 'Content-Length': '34082855', 'Connection': 'keep-alive', 'Last-Modified': 'Thu, 22 Jun 2023 10:01:02 GMT', 'x-amz-server-side-encryption': 'AES256', 'Accept-Ranges': 'bytes', 'Server': 'AmazonS3', 'Date': 'Thu, 22 Jun 2023 15:55:47 GMT', 'ETag': '""8ac8aa3c5414053de61f649fe776b0db-3""', 'Vary': 'Accept-Encoding', 'X-Cache': 'RefreshHit from cloudfront', 'Via': '1.1 fec5e83bcae9ab1295b776b3f64183d0.cloudfront.net (CloudFront)', 'X-Amz-Cf-Pop': 'ZRH55-P1', 'X-Amz-Cf-Id': 'gKBdEgQMs89Iw3cwnKZMa7IlRYjT-cdE_YHW294bzOBGr7cOhEvKig=='}"
22-06-2023_17:55:51:790087,18.165.185.183,692.943, , , ,video/mp4,34082855,keep-alive,"Thu, 22 Jun 2023 15:55:53 GMT","Thu, 22 Jun 2023 10:01:02 GMT","""8ac8aa3c5414053de61f649fe776b0db-3""", ,AES256, , , ,bytes,AmazonS3, , , , ,RefreshHit from cloudfront,1.1 f6d3d027dc70c7291c2f685efb187ab2.cloudfront.net (CloudFront),ZRH55-P1,r84vZSjRwija8cIJQ9aPARkZ-_3kk2WpBo1jq4j4PocwaU4zsuGvlA==, ,https://d2ujgmo1oihwsm.cloudfront.net/myvideo-california.mp4,my content hosted on CloudFront,"{'Content-Type': 'video/mp4', 'Content-Length': '34082855', 'Connection': 'keep-alive', 'Last-Modified': 'Thu, 22 Jun 2023 10:01:02 GMT', 'x-amz-server-side-encryption': 'AES256', 'Accept-Ranges': 'bytes', 'Server': 'AmazonS3', 'Date': 'Thu, 22 Jun 2023 15:55:53 GMT', 'ETag': '""8ac8aa3c5414053de61f649fe776b0db-3""', 'Vary': 'Accept-Encoding', 'X-Cache': 'RefreshHit from cloudfront', 'Via': '1.1 f6d3d027dc70c7291c2f685efb187ab2.cloudfront.net (CloudFront)', 'X-Amz-Cf-Pop': 'ZRH55-P1', 'X-Amz-Cf-Id': 'r84vZSjRwija8cIJQ9aPARkZ-_3kk2WpBo1jq4j4PocwaU4zsuGvlA=='}"
22-06-2023_17:55:57:517553,18.165.185.183,704.0070000000001, , , ,video/mp4,34082855,keep-alive,"Thu, 22 Jun 2023 15:55:59 GMT","Thu, 22 Jun 2023 10:01:02 GMT","""8ac8aa3c5414053de61f649fe776b0db-3""", ,AES256, , , ,bytes,AmazonS3, , , , ,RefreshHit from cloudfront,1.1 df9ce120cad525bdb160f75cd7b807c2.cloudfront.net (CloudFront),ZRH55-P1,9vMfOVNtehoCGkw7MN5LZlWBXjbzB-pk-T4GmszNAOxVOLHSDGCRPg==, ,https://d2ujgmo1oihwsm.cloudfront.net/myvideo-california.mp4,my content hosted on CloudFront,"{'Content-Type': 'video/mp4', 'Content-Length': '34082855', 'Connection': 'keep-alive', 'Last-Modified': 'Thu, 22 Jun 2023 10:01:02 GMT', 'x-amz-server-side-encryption': 'AES256', 'Accept-Ranges': 'bytes', 'Server': 'AmazonS3', 'Date': 'Thu, 22 Jun 2023 15:55:59 GMT', 'ETag': '""8ac8aa3c5414053de61f649fe776b0db-3""', 'Vary': 'Accept-Encoding', 'X-Cache': 'RefreshHit from cloudfront', 'Via': '1.1 df9ce120cad525bdb160f75cd7b807c2.cloudfront.net (CloudFront)', 'X-Amz-Cf-Pop': 'ZRH55-P1', 'X-Amz-Cf-Id': '9vMfOVNtehoCGkw7MN5LZlWBXjbzB-pk-T4GmszNAOxVOLHSDGCRPg=='}"
22-06-2023_17:56:03:246953,18.165.185.183,701.283, , , ,video/mp4,34082855,keep-alive,"Thu, 22 Jun 2023 15:56:04 GMT","Thu, 22 Jun 2023 10:01:02 GMT","""8ac8aa3c5414053de61f649fe776b0db-3""", ,AES256, , , ,bytes,AmazonS3, , , , ,RefreshHit from cloudfront,1.1 aca4cfc16ad0f84e78738cc400bfb7f4.cloudfront.net (CloudFront),ZRH55-P1,iUxuU44XzsIRNMhhgYYtzvZhqK6X9w2q-DNeBMI6COZaFI8TMKLBiw==, ,https://d2ujgmo1oihwsm.cloudfront.net/myvideo-california.mp4,my content hosted on CloudFront,"{'Content-Type': 'video/mp4', 'Content-Length': '34082855', 'Connection': 'keep-alive', 'Last-Modified': 'Thu, 22 Jun 2023 10:01:02 GMT', 'x-amz-server-side-encryption': 'AES256', 'Accept-Ranges': 'bytes', 'Server': 'AmazonS3', 'Date': 'Thu, 22 Jun 2023 15:56:04 GMT', 'ETag': '""8ac8aa3c5414053de61f649fe776b0db-3""', 'Vary': 'Accept-Encoding', 'X-Cache': 'RefreshHit from cloudfront', 'Via': '1.1 aca4cfc16ad0f84e78738cc400bfb7f4.cloudfront.net (CloudFront)', 'X-Amz-Cf-Pop': 'ZRH55-P1', 'X-Amz-Cf-Id': 'iUxuU44XzsIRNMhhgYYtzvZhqK6X9w2q-DNeBMI6COZaFI8TMKLBiw=='}"
22-06-2023_17:56:08:976059,18.165.185.183,694.8290000000001, , , ,video/mp4,34082855,keep-alive,"Thu, 22 Jun 2023 15:56:10 GMT","Thu, 22 Jun 2023 10:01:02 GMT","""8ac8aa3c5414053de61f649fe776b0db-3""", ,AES256, , , ,bytes,AmazonS3, , , , ,RefreshHit from cloudfront,1.1 fa2f998214db1c6c6bdb96ceff3ce5d8.cloudfront.net (CloudFront),ZRH55-P1,FvZX7ivZBFprPdzVLgBvCC-wbeibHdmJ9u-t-XcOAMaDiTzSWNX6vg==, ,https://d2ujgmo1oihwsm.cloudfront.net/myvideo-california.mp4,my content hosted on CloudFront,"{'Content-Type': 'video/mp4', 'Content-Length': '34082855', 'Connection': 'keep-alive', 'Last-Modified': 'Thu, 22 Jun 2023 10:01:02 GMT', 'x-amz-server-side-encryption': 'AES256', 'Accept-Ranges': 'bytes', 'Server': 'AmazonS3', 'Date': 'Thu, 22 Jun 2023 15:56:10 GMT', 'ETag': '""8ac8aa3c5414053de61f649fe776b0db-3""', 'Vary': 'Accept-Encoding', 'X-Cache': 'RefreshHit from cloudfront', 'Via': '1.1 fa2f998214db1c6c6bdb96ceff3ce5d8.cloudfront.net (CloudFront)', 'X-Amz-Cf-Pop': 'ZRH55-P1', 'X-Amz-Cf-Id': 'FvZX7ivZBFprPdzVLgBvCC-wbeibHdmJ9u-t-XcOAMaDiTzSWNX6vg=='}"
22-06-2023_17:56:14:702369,18.165.185.183,706.7909999999999, , , ,video/mp4,34082855,keep-alive,"Thu, 22 Jun 2023 15:56:16 GMT","Thu, 22 Jun 2023 10:01:02 GMT","""8ac8aa3c5414053de61f649fe776b0db-3""", ,AES256, , , ,bytes,AmazonS3, , , , ,RefreshHit from cloudfront,1.1 f6d3d027dc70c7291c2f685efb187ab2.cloudfront.net (CloudFront),ZRH55-P1,giJpqWoorvTABOLw3cwSmONzE9vdYHAOePCkxViWmMczzkZRFbcIdQ==, ,https://d2ujgmo1oihwsm.cloudfront.net/myvideo-california.mp4,my content hosted on CloudFront,"{'Content-Type': 'video/mp4', 'Content-Length': '34082855', 'Connection': 'keep-alive', 'Last-Modified': 'Thu, 22 Jun 2023 10:01:02 GMT', 'x-amz-server-side-encryption': 'AES256', 'Accept-Ranges': 'bytes', 'Server': 'AmazonS3', 'Date': 'Thu, 22 Jun 2023 15:56:16 GMT', 'ETag': '""8ac8aa3c5414053de61f649fe776b0db-3""', 'Vary': 'Accept-Encoding', 'X-Cache': 'RefreshHit from cloudfront', 'Via': '1.1 f6d3d027dc70c7291c2f685efb187ab2.cloudfront.net (CloudFront)', 'X-Amz-Cf-Pop': 'ZRH55-P1', 'X-Amz-Cf-Id': 'giJpqWoorvTABOLw3cwSmONzE9vdYHAOePCkxViWmMczzkZRFbcIdQ=='}"
22-06-2023_17:56:20:438724,18.165.185.183,710.028, , , ,video/mp4,34082855,keep-alive,"Thu, 22 Jun 2023 15:56:22 GMT","Thu, 22 Jun 2023 10:01:02 GMT","""8ac8aa3c5414053de61f649fe776b0db-3""", ,AES256, , , ,bytes,AmazonS3, , , , ,RefreshHit from cloudfront,1.1 478446fb4d72a1fd99b9a7a5157265f4.cloudfront.net (CloudFront),ZRH55-P1,NDAa2DP8wSLWZ5w8w1qO83HSUyyi2G0YoFuvRyXzrwndPWOnhYYaOQ==, ,https://d2ujgmo1oihwsm.cloudfront.net/myvideo-california.mp4,my content hosted on CloudFront,"{'Content-Type': 'video/mp4', 'Content-Length': '34082855', 'Connection': 'keep-alive', 'Last-Modified': 'Thu, 22 Jun 2023 10:01:02 GMT', 'x-amz-server-side-encryption': 'AES256', 'Accept-Ranges': 'bytes', 'Server': 'AmazonS3', 'Date': 'Thu, 22 Jun 2023 15:56:22 GMT', 'ETag': '""8ac8aa3c5414053de61f649fe776b0db-3""', 'Vary': 'Accept-Encoding', 'X-Cache': 'RefreshHit from cloudfront', 'Via': '1.1 478446fb4d72a1fd99b9a7a5157265f4.cloudfront.net (CloudFront)', 'X-Amz-Cf-Pop': 'ZRH55-P1', 'X-Amz-Cf-Id': 'NDAa2DP8wSLWZ5w8w1qO83HSUyyi2G0YoFuvRyXzrwndPWOnhYYaOQ=='}"
22-06-2023_17:56:26:152776,18.165.185.183,797.205, , , ,video/mp4,34082855,keep-alive,"Thu, 22 Jun 2023 15:56:27 GMT","Thu, 22 Jun 2023 10:01:02 GMT","""8ac8aa3c5414053de61f649fe776b0db-3""", ,AES256, , , ,bytes,AmazonS3, , , , ,RefreshHit from cloudfront,1.1 2bb98457c96f801517f8d0d98344cd3c.cloudfront.net (CloudFront),ZRH55-P1,VNGY_G9-u2a-a1U_uTMCMRJ-SQ--3eH7tfp9ZcZhO-ywM1Fjd_6E7A==, ,https://d2ujgmo1oihwsm.cloudfront.net/myvideo-california.mp4,my content hosted on CloudFront,"{'Content-Type': 'video/mp4', 'Content-Length': '34082855', 'Connection': 'keep-alive', 'Last-Modified': 'Thu, 22 Jun 2023 10:01:02 GMT', 'x-amz-server-side-encryption': 'AES256', 'Accept-Ranges': 'bytes', 'Server': 'AmazonS3', 'Date': 'Thu, 22 Jun 2023 15:56:27 GMT', 'ETag': '""8ac8aa3c5414053de61f649fe776b0db-3""', 'Vary': 'Accept-Encoding', 'X-Cache': 'RefreshHit from cloudfront', 'Via': '1.1 2bb98457c96f801517f8d0d98344cd3c.cloudfront.net (CloudFront)', 'X-Amz-Cf-Pop': 'ZRH55-P1', 'X-Amz-Cf-Id': 'VNGY_G9-u2a-a1U_uTMCMRJ-SQ--3eH7tfp9ZcZhO-ywM1Fjd_6E7A=='}"
22-06-2023_17:56:31:891291,18.165.185.183,695.373, , , ,video/mp4,34082855,keep-alive,"Thu, 22 Jun 2023 15:56:33 GMT","Thu, 22 Jun 2023 10:01:02 GMT","""8ac8aa3c5414053de61f649fe776b0db-3""", ,AES256, , , ,bytes,AmazonS3, , , , ,RefreshHit from cloudfront,1.1 3d994808da6a9ce8c9e7b1364fa689ea.cloudfront.net (CloudFront),ZRH55-P1,pXrEe_iakraKknE1M6eGo4rTFNkfOUsTQbbR565PJ1vqKyRgMwQvbQ==, ,https://d2ujgmo1oihwsm.cloudfront.net/myvideo-california.mp4,my content hosted on CloudFront,"{'Content-Type': 'video/mp4', 'Content-Length': '34082855', 'Connection': 'keep-alive', 'Last-Modified': 'Thu, 22 Jun 2023 10:01:02 GMT', 'x-amz-server-side-encryption': 'AES256', 'Accept-Ranges': 'bytes', 'Server': 'AmazonS3', 'Date': 'Thu, 22 Jun 2023 15:56:33 GMT', 'ETag': '""8ac8aa3c5414053de61f649fe776b0db-3""', 'Vary': 'Accept-Encoding', 'X-Cache': 'RefreshHit from cloudfront', 'Via': '1.1 3d994808da6a9ce8c9e7b1364fa689ea.cloudfront.net (CloudFront)', 'X-Amz-Cf-Pop': 'ZRH55-P1', 'X-Amz-Cf-Id': 'pXrEe_iakraKknE1M6eGo4rTFNkfOUsTQbbR565PJ1vqKyRgMwQvbQ=='}"
22-06-2023_17:56:37:616100,18.165.185.183,693.86, , , ,video/mp4,34082855,keep-alive,"Thu, 22 Jun 2023 15:56:39 GMT","Thu, 22 Jun 2023 10:01:02 GMT","""8ac8aa3c5414053de61f649fe776b0db-3""", ,AES256, , , ,bytes,AmazonS3, , , , ,RefreshHit from cloudfront,1.1 d75d7156b5e1833582c3070298720664.cloudfront.net (CloudFront),ZRH55-P1,TtxrWEBlWHJ6d3mpkZSdMlgF4pdFAbHsG3IAzQYcOUTsaebUIx7szQ==, ,https://d2ujgmo1oihwsm.cloudfront.net/myvideo-california.mp4,my content hosted on CloudFront,"{'Content-Type': 'video/mp4', 'Content-Length': '34082855', 'Connection': 'keep-alive', 'Last-Modified': 'Thu, 22 Jun 2023 10:01:02 GMT', 'x-amz-server-side-encryption': 'AES256', 'Accept-Ranges': 'bytes', 'Server': 'AmazonS3', 'Date': 'Thu, 22 Jun 2023 15:56:39 GMT', 'ETag': '""8ac8aa3c5414053de61f649fe776b0db-3""', 'Vary': 'Accept-Encoding', 'X-Cache': 'RefreshHit from cloudfront', 'Via': '1.1 d75d7156b5e1833582c3070298720664.cloudfront.net (CloudFront)', 'X-Amz-Cf-Pop': 'ZRH55-P1', 'X-Amz-Cf-Id': 'TtxrWEBlWHJ6d3mpkZSdMlgF4pdFAbHsG3IAzQYcOUTsaebUIx7szQ=='}"
22-06-2023_17:56:43:343556,18.165.185.22,706.751, , , ,video/mp4,34082855,keep-alive,"Thu, 22 Jun 2023 15:56:45 GMT","Thu, 22 Jun 2023 10:01:02 GMT","""8ac8aa3c5414053de61f649fe776b0db-3""", ,AES256, , , ,bytes,AmazonS3, , , , ,RefreshHit from cloudfront,1.1 6ea1443d3dc39c2be7c23883fb0bd3e0.cloudfront.net (CloudFront),ZRH55-P1,GvpvngkKSAzKtwbyKd-mWwedlYCsVellzTSpfA-32bJXlr0cvi772g==, ,https://d2ujgmo1oihwsm.cloudfront.net/myvideo-california.mp4,my content hosted on CloudFront,"{'Content-Type': 'video/mp4', 'Content-Length': '34082855', 'Connection': 'keep-alive', 'Last-Modified': 'Thu, 22 Jun 2023 10:01:02 GMT', 'x-amz-server-side-encryption': 'AES256', 'Accept-Ranges': 'bytes', 'Server': 'AmazonS3', 'Date': 'Thu, 22 Jun 2023 15:56:45 GMT', 'ETag': '""8ac8aa3c5414053de61f649fe776b0db-3""', 'Vary': 'Accept-Encoding', 'X-Cache': 'RefreshHit from cloudfront', 'Via': '1.1 6ea1443d3dc39c2be7c23883fb0bd3e0.cloudfront.net (CloudFront)', 'X-Amz-Cf-Pop': 'ZRH55-P1', 'X-Amz-Cf-Id': 'GvpvngkKSAzKtwbyKd-mWwedlYCsVellzTSpfA-32bJXlr0cvi772g=='}"
22-06-2023_17:56:49:069986,18.165.185.22,698.878, , , ,video/mp4,34082855,keep-alive,"Thu, 22 Jun 2023 15:56:50 GMT","Thu, 22 Jun 2023 10:01:02 GMT","""8ac8aa3c5414053de61f649fe776b0db-3""", ,AES256, , , ,bytes,AmazonS3, , , , ,RefreshHit from cloudfront,1.1 ca6974974a9175b71fb6a84145111ed2.cloudfront.net (CloudFront),ZRH55-P1,kwFTxbkn7MYzaAzYcV1MlQOcoU1lyx8vd6vQ9BSmKBkp4nosG3aSOQ==, ,https://d2ujgmo1oihwsm.cloudfront.net/myvideo-california.mp4,my content hosted on CloudFront,"{'Content-Type': 'video/mp4', 'Content-Length': '34082855', 'Connection': 'keep-alive', 'Last-Modified': 'Thu, 22 Jun 2023 10:01:02 GMT', 'x-amz-server-side-encryption': 'AES256', 'Accept-Ranges': 'bytes', 'Server': 'AmazonS3', 'Date': 'Thu, 22 Jun 2023 15:56:50 GMT', 'ETag': '""8ac8aa3c5414053de61f649fe776b0db-3""', 'Vary': 'Accept-Encoding', 'X-Cache': 'RefreshHit from cloudfront', 'Via': '1.1 ca6974974a9175b71fb6a84145111ed2.cloudfront.net (CloudFront)', 'X-Amz-Cf-Pop': 'ZRH55-P1', 'X-Amz-Cf-Id': 'kwFTxbkn7MYzaAzYcV1MlQOcoU1lyx8vd6vQ9BSmKBkp4nosG3aSOQ=='}"
22-06-2023_17:56:54:793952,18.165.185.22,705.9839999999999, , , ,video/mp4,34082855,keep-alive,"Thu, 22 Jun 2023 15:56:56 GMT","Thu, 22 Jun 2023 10:01:02 GMT","""8ac8aa3c5414053de61f649fe776b0db-3""", ,AES256, , , ,bytes,AmazonS3, , , , ,RefreshHit from cloudfront,1.1 4aab94d467900146bd910265f6087b8e.cloudfront.net (CloudFront),ZRH55-P1,JaXAq54pUL-UewaPBpybS2CICTdpRr-F-1IfwJo9NHIeYxLKySwxlw==, ,https://d2ujgmo1oihwsm.cloudfront.net/myvideo-california.mp4,my content hosted on CloudFront,"{'Content-Type': 'video/mp4', 'Content-Length': '34082855', 'Connection': 'keep-alive', 'Last-Modified': 'Thu, 22 Jun 2023 10:01:02 GMT', 'x-amz-server-side-encryption': 'AES256', 'Accept-Ranges': 'bytes', 'Server': 'AmazonS3', 'Date': 'Thu, 22 Jun 2023 15:56:56 GMT', 'ETag': '""8ac8aa3c5414053de61f649fe776b0db-3""', 'Vary': 'Accept-Encoding', 'X-Cache': 'RefreshHit from cloudfront', 'Via': '1.1 4aab94d467900146bd910265f6087b8e.cloudfront.net (CloudFront)', 'X-Amz-Cf-Pop': 'ZRH55-P1', 'X-Amz-Cf-Id': 'JaXAq54pUL-UewaPBpybS2CICTdpRr-F-1IfwJo9NHIeYxLKySwxlw=='}"
22-06-2023_17:57:00:520378,18.165.185.22,697.075, , , ,video/mp4,34082855,keep-alive,"Thu, 22 Jun 2023 15:57:02 GMT","Thu, 22 Jun 2023 10:01:02 GMT","""8ac8aa3c5414053de61f649fe776b0db-3""", ,AES256, , , ,bytes,AmazonS3, , , , ,RefreshHit from cloudfront,1.1 49039a44484a184312d8f608c205b640.cloudfront.net (CloudFront),ZRH55-P1,MrcurocnVMesA6Mk_7cx4WZh8DEJuonKEyp6eGO5PaNhqV3x2_2xwA==, ,https://d2ujgmo1oihwsm.cloudfront.net/myvideo-california.mp4,my content hosted on CloudFront,"{'Content-Type': 'video/mp4', 'Content-Length': '34082855', 'Connection': 'keep-alive', 'Last-Modified': 'Thu, 22 Jun 2023 10:01:02 GMT', 'x-amz-server-side-encryption': 'AES256', 'Accept-Ranges': 'bytes', 'Server': 'AmazonS3', 'Date': 'Thu, 22 Jun 2023 15:57:02 GMT', 'ETag': '""8ac8aa3c5414053de61f649fe776b0db-3""', 'Vary': 'Accept-Encoding', 'X-Cache': 'RefreshHit from cloudfront', 'Via': '1.1 49039a44484a184312d8f608c205b640.cloudfront.net (CloudFront)', 'X-Amz-Cf-Pop': 'ZRH55-P1', 'X-Amz-Cf-Id': 'MrcurocnVMesA6Mk_7cx4WZh8DEJuonKEyp6eGO5PaNhqV3x2_2xwA=='}"
22-06-2023_17:57:06:255777,18.165.185.22,702.226, , , ,video/mp4,34082855,keep-alive,"Thu, 22 Jun 2023 15:57:07 GMT","Thu, 22 Jun 2023 10:01:02 GMT","""8ac8aa3c5414053de61f649fe776b0db-3""", ,AES256, , , ,bytes,AmazonS3, , , , ,RefreshHit from cloudfront,1.1 df9ce120cad525bdb160f75cd7b807c2.cloudfront.net (CloudFront),ZRH55-P1,RIxcoAN6GXPCPTvgKwrCMV9sBnziQrwoEyPdMzsRRHNuIDe5ZdCf1A==, ,https://d2ujgmo1oihwsm.cloudfront.net/myvideo-california.mp4,my content hosted on CloudFront,"{'Content-Type': 'video/mp4', 'Content-Length': '34082855', 'Connection': 'keep-alive', 'Last-Modified': 'Thu, 22 Jun 2023 10:01:02 GMT', 'x-amz-server-side-encryption': 'AES256', 'Accept-Ranges': 'bytes', 'Server': 'AmazonS3', 'Date': 'Thu, 22 Jun 2023 15:57:07 GMT', 'ETag': '""8ac8aa3c5414053de61f649fe776b0db-3""', 'Vary': 'Accept-Encoding', 'X-Cache': 'RefreshHit from cloudfront', 'Via': '1.1 df9ce120cad525bdb160f75cd7b807c2.cloudfront.net (CloudFront)', 'X-Amz-Cf-Pop': 'ZRH55-P1', 'X-Amz-Cf-Id': 'RIxcoAN6GXPCPTvgKwrCMV9sBnziQrwoEyPdMzsRRHNuIDe5ZdCf1A=='}"
22-06-2023_17:57:11:980391,18.165.185.22,705.305, , , ,video/mp4,34082855,keep-alive,"Thu, 22 Jun 2023 15:57:13 GMT","Thu, 22 Jun 2023 10:01:02 GMT","""8ac8aa3c5414053de61f649fe776b0db-3""", ,AES256, , , ,bytes,AmazonS3, , , , ,RefreshHit from cloudfront,1.1 fec5e83bcae9ab1295b776b3f64183d0.cloudfront.net (CloudFront),ZRH55-P1,DJoT04MniG7v61ZWQugmfN_dHE_1YteK3JgAmPZDVLLWZyBV-xHrFA==, ,https://d2ujgmo1oihwsm.cloudfront.net/myvideo-california.mp4,my content hosted on CloudFront,"{'Content-Type': 'video/mp4', 'Content-Length': '34082855', 'Connection': 'keep-alive', 'Last-Modified': 'Thu, 22 Jun 2023 10:01:02 GMT', 'x-amz-server-side-encryption': 'AES256', 'Accept-Ranges': 'bytes', 'Server': 'AmazonS3', 'Date': 'Thu, 22 Jun 2023 15:57:13 GMT', 'ETag': '""8ac8aa3c5414053de61f649fe776b0db-3""', 'Vary': 'Accept-Encoding', 'X-Cache': 'RefreshHit from cloudfront', 'Via': '1.1 fec5e83bcae9ab1295b776b3f64183d0.cloudfront.net (CloudFront)', 'X-Amz-Cf-Pop': 'ZRH55-P1', 'X-Amz-Cf-Id': 'DJoT04MniG7v61ZWQugmfN_dHE_1YteK3JgAmPZDVLLWZyBV-xHrFA=='}"
22-06-2023_17:57:17:712310,18.165.185.22,699.834, , , ,video/mp4,34082855,keep-alive,"Thu, 22 Jun 2023 15:57:19 GMT","Thu, 22 Jun 2023 10:01:02 GMT","""8ac8aa3c5414053de61f649fe776b0db-3""", ,AES256, , , ,bytes,AmazonS3, , , , ,RefreshHit from cloudfront,1.1 633b37c269943f0b3472e0abe1a07b2c.cloudfront.net (CloudFront),ZRH55-P1,aXiSyntW3Ft3yAVToEO4MS8M4etxsxSQPzi8PmWi6_p4xq5V3VL98A==, ,https://d2ujgmo1oihwsm.cloudfront.net/myvideo-california.mp4,my content hosted on CloudFront,"{'Content-Type': 'video/mp4', 'Content-Length': '34082855', 'Connection': 'keep-alive', 'Last-Modified': 'Thu, 22 Jun 2023 10:01:02 GMT', 'x-amz-server-side-encryption': 'AES256', 'Accept-Ranges': 'bytes', 'Server': 'AmazonS3', 'Date': 'Thu, 22 Jun 2023 15:57:19 GMT', 'ETag': '""8ac8aa3c5414053de61f649fe776b0db-3""', 'Vary': 'Accept-Encoding', 'X-Cache': 'RefreshHit from cloudfront', 'Via': '1.1 633b37c269943f0b3472e0abe1a07b2c.cloudfront.net (CloudFront)', 'X-Amz-Cf-Pop': 'ZRH55-P1', 'X-Amz-Cf-Id': 'aXiSyntW3Ft3yAVToEO4MS8M4etxsxSQPzi8PmWi6_p4xq5V3VL98A=='}"
22-06-2023_17:57:23:435343,18.165.185.22,712.8109999999999, , , ,video/mp4,34082855,keep-alive,"Thu, 22 Jun 2023 15:57:25 GMT","Thu, 22 Jun 2023 10:01:02 GMT","""8ac8aa3c5414053de61f649fe776b0db-3""", ,AES256, , , ,bytes,AmazonS3, , , , ,RefreshHit from cloudfront,1.1 49039a44484a184312d8f608c205b640.cloudfront.net (CloudFront),ZRH55-P1,PVx07QdNR6WnV8KtgoKukGe6ZjYt7bok7ETKh8fL1AzrGYuiSUeaIg==, ,https://d2ujgmo1oihwsm.cloudfront.net/myvideo-california.mp4,my content hosted on CloudFront,"{'Content-Type': 'video/mp4', 'Content-Length': '34082855', 'Connection': 'keep-alive', 'Last-Modified': 'Thu, 22 Jun 2023 10:01:02 GMT', 'x-amz-server-side-encryption': 'AES256', 'Accept-Ranges': 'bytes', 'Server': 'AmazonS3', 'Date': 'Thu, 22 Jun 2023 15:57:25 GMT', 'ETag': '""8ac8aa3c5414053de61f649fe776b0db-3""', 'Vary': 'Accept-Encoding', 'X-Cache': 'RefreshHit from cloudfront', 'Via': '1.1 49039a44484a184312d8f608c205b640.cloudfront.net (CloudFront)', 'X-Amz-Cf-Pop': 'ZRH55-P1', 'X-Amz-Cf-Id': 'PVx07QdNR6WnV8KtgoKukGe6ZjYt7bok7ETKh8fL1AzrGYuiSUeaIg=='}"
22-06-2023_17:57:29:163598,18.165.185.22,700.722, , , ,video/mp4,34082855,keep-alive,"Thu, 22 Jun 2023 15:57:30 GMT","Thu, 22 Jun 2023 10:01:02 GMT","""8ac8aa3c5414053de61f649fe776b0db-3""", ,AES256, , , ,bytes,AmazonS3, , , , ,RefreshHit from cloudfront,1.1 841da31399fe7f7e7065c840a22fae0a.cloudfront.net (CloudFront),ZRH55-P1,lHx38RD6ahTh5gSnnCcm0et7fkvMOJ5sUzByqt4GVpqw9HzaRfMH4Q==, ,https://d2ujgmo1oihwsm.cloudfront.net/myvideo-california.mp4,my content hosted on CloudFront,"{'Content-Type': 'video/mp4', 'Content-Length': '34082855', 'Connection': 'keep-alive', 'Last-Modified': 'Thu, 22 Jun 2023 10:01:02 GMT', 'x-amz-server-side-encryption': 'AES256', 'Accept-Ranges': 'bytes', 'Server': 'AmazonS3', 'Date': 'Thu, 22 Jun 2023 15:57:30 GMT', 'ETag': '""8ac8aa3c5414053de61f649fe776b0db-3""', 'Vary': 'Accept-Encoding', 'X-Cache': 'RefreshHit from cloudfront', 'Via': '1.1 841da31399fe7f7e7065c840a22fae0a.cloudfront.net (CloudFront)', 'X-Amz-Cf-Pop': 'ZRH55-P1', 'X-Amz-Cf-Id': 'lHx38RD6ahTh5gSnnCcm0et7fkvMOJ5sUzByqt4GVpqw9HzaRfMH4Q=='}"
22-06-2023_17:57:34:889266,18.165.185.22,699.252, , , ,video/mp4,34082855,keep-alive,"Thu, 22 Jun 2023 15:57:36 GMT","Thu, 22 Jun 2023 10:01:02 GMT","""8ac8aa3c5414053de61f649fe776b0db-3""", ,AES256, , , ,bytes,AmazonS3, , , , ,RefreshHit from cloudfront,1.1 2aefdd231d9806ea2eced3399f411f80.cloudfront.net (CloudFront),ZRH55-P1,z0NLG1HJyJ8ndhtKTpcKQtABTQX1UBX98I4dQketciv-CRrYp9tCEQ==, ,https://d2ujgmo1oihwsm.cloudfront.net/myvideo-california.mp4,my content hosted on CloudFront,"{'Content-Type': 'video/mp4', 'Content-Length': '34082855', 'Connection': 'keep-alive', 'Last-Modified': 'Thu, 22 Jun 2023 10:01:02 GMT', 'x-amz-server-side-encryption': 'AES256', 'Accept-Ranges': 'bytes', 'Server': 'AmazonS3', 'Date': 'Thu, 22 Jun 2023 15:57:36 GMT', 'ETag': '""8ac8aa3c5414053de61f649fe776b0db-3""', 'Vary': 'Accept-Encoding', 'X-Cache': 'RefreshHit from cloudfront', 'Via': '1.1 2aefdd231d9806ea2eced3399f411f80.cloudfront.net (CloudFront)', 'X-Amz-Cf-Pop': 'ZRH55-P1', 'X-Amz-Cf-Id': 'z0NLG1HJyJ8ndhtKTpcKQtABTQX1UBX98I4dQketciv-CRrYp9tCEQ=='}"
22-06-2023_17:57:40:615714,18.165.185.22,734.479, , , ,video/mp4,34082855,keep-alive,"Thu, 22 Jun 2023 15:57:42 GMT","Thu, 22 Jun 2023 10:01:02 GMT","""8ac8aa3c5414053de61f649fe776b0db-3""", ,AES256, , , ,bytes,AmazonS3, , , , ,RefreshHit from cloudfront,1.1 c7311454ce938e04f3523616a5b033da.cloudfront.net (CloudFront),ZRH55-P1,TI3CsB1yk7qcarO0IinZ8EZUyx6SCWkida3q2eXuxyMZrzLn1175DA==, ,https://d2ujgmo1oihwsm.cloudfront.net/myvideo-california.mp4,my content hosted on CloudFront,"{'Content-Type': 'video/mp4', 'Content-Length': '34082855', 'Connection': 'keep-alive', 'Last-Modified': 'Thu, 22 Jun 2023 10:01:02 GMT', 'x-amz-server-side-encryption': 'AES256', 'Accept-Ranges': 'bytes', 'Server': 'AmazonS3', 'Date': 'Thu, 22 Jun 2023 15:57:42 GMT', 'ETag': '""8ac8aa3c5414053de61f649fe776b0db-3""', 'Vary': 'Accept-Encoding', 'X-Cache': 'RefreshHit from cloudfront', 'Via': '1.1 c7311454ce938e04f3523616a5b033da.cloudfront.net (CloudFront)', 'X-Amz-Cf-Pop': 'ZRH55-P1', 'X-Amz-Cf-Id': 'TI3CsB1yk7qcarO0IinZ8EZUyx6SCWkida3q2eXuxyMZrzLn1175DA=='}"
22-06-2023_17:57:46:339990,18.165.185.22,697.742, , , ,video/mp4,34082855,keep-alive,"Thu, 22 Jun 2023 15:57:48 GMT","Thu, 22 Jun 2023 10:01:02 GMT","""8ac8aa3c5414053de61f649fe776b0db-3""", ,AES256, , , ,bytes,AmazonS3, , , , ,RefreshHit from cloudfront,1.1 fec5e83bcae9ab1295b776b3f64183d0.cloudfront.net (CloudFront),ZRH55-P1,8h_tANI3WyDh5JYYUibEat3ZkNo_tra30-WGjwFC5Wj-mwFUxRHVzg==, ,https://d2ujgmo1oihwsm.cloudfront.net/myvideo-california.mp4,my content hosted on CloudFront,"{'Content-Type': 'video/mp4', 'Content-Length': '34082855', 'Connection': 'keep-alive', 'Last-Modified': 'Thu, 22 Jun 2023 10:01:02 GMT', 'x-amz-server-side-encryption': 'AES256', 'Accept-Ranges': 'bytes', 'Server': 'AmazonS3', 'Date': 'Thu, 22 Jun 2023 15:57:48 GMT', 'ETag': '""8ac8aa3c5414053de61f649fe776b0db-3""', 'Vary': 'Accept-Encoding', 'X-Cache': 'RefreshHit from cloudfront', 'Via': '1.1 fec5e83bcae9ab1295b776b3f64183d0.cloudfront.net (CloudFront)', 'X-Amz-Cf-Pop': 'ZRH55-P1', 'X-Amz-Cf-Id': '8h_tANI3WyDh5JYYUibEat3ZkNo_tra30-WGjwFC5Wj-mwFUxRHVzg=='}"
22-06-2023_17:57:52:069061,18.165.185.22,703.154, , , ,video/mp4,34082855,keep-alive,"Thu, 22 Jun 2023 15:57:53 GMT","Thu, 22 Jun 2023 10:01:02 GMT","""8ac8aa3c5414053de61f649fe776b0db-3""", ,AES256, , , ,bytes,AmazonS3, , , , ,RefreshHit from cloudfront,1.1 20e88007b6f5218ef5942bc3581c73b8.cloudfront.net (CloudFront),ZRH55-P1,oN7zWyUDRVIeBJQAoqNyUHU89I_nVle8FTYsEGebtM8OfzwzgOgdRQ==, ,https://d2ujgmo1oihwsm.cloudfront.net/myvideo-california.mp4,my content hosted on CloudFront,"{'Content-Type': 'video/mp4', 'Content-Length': '34082855', 'Connection': 'keep-alive', 'Last-Modified': 'Thu, 22 Jun 2023 10:01:02 GMT', 'x-amz-server-side-encryption': 'AES256', 'Accept-Ranges': 'bytes', 'Server': 'AmazonS3', 'Date': 'Thu, 22 Jun 2023 15:57:53 GMT', 'ETag': '""8ac8aa3c5414053de61f649fe776b0db-3""', 'Vary': 'Accept-Encoding', 'X-Cache': 'RefreshHit from cloudfront', 'Via': '1.1 20e88007b6f5218ef5942bc3581c73b8.cloudfront.net (CloudFront)', 'X-Amz-Cf-Pop': 'ZRH55-P1', 'X-Amz-Cf-Id': 'oN7zWyUDRVIeBJQAoqNyUHU89I_nVle8FTYsEGebtM8OfzwzgOgdRQ=='}"
22-06-2023_17:57:57:799704,18.165.185.93,703.087, , , ,video/mp4,34082855,keep-alive,"Thu, 22 Jun 2023 15:57:59 GMT","Thu, 22 Jun 2023 10:01:02 GMT","""8ac8aa3c5414053de61f649fe776b0db-3""", ,AES256, , , ,bytes,AmazonS3, , , , ,RefreshHit from cloudfront,1.1 478446fb4d72a1fd99b9a7a5157265f4.cloudfront.net (CloudFront),ZRH55-P1,l947VUjkPw4_8tC8SIlMEDPiRtbXHNrQAFYCJE-Y8gpR3W_OsE0wzg==, ,https://d2ujgmo1oihwsm.cloudfront.net/myvideo-california.mp4,my content hosted on CloudFront,"{'Content-Type': 'video/mp4', 'Content-Length': '34082855', 'Connection': 'keep-alive', 'Last-Modified': 'Thu, 22 Jun 2023 10:01:02 GMT', 'x-amz-server-side-encryption': 'AES256', 'Accept-Ranges': 'bytes', 'Server': 'AmazonS3', 'Date': 'Thu, 22 Jun 2023 15:57:59 GMT', 'ETag': '""8ac8aa3c5414053de61f649fe776b0db-3""', 'Vary': 'Accept-Encoding', 'X-Cache': 'RefreshHit from cloudfront', 'Via': '1.1 478446fb4d72a1fd99b9a7a5157265f4.cloudfront.net (CloudFront)', 'X-Amz-Cf-Pop': 'ZRH55-P1', 'X-Amz-Cf-Id': 'l947VUjkPw4_8tC8SIlMEDPiRtbXHNrQAFYCJE-Y8gpR3W_OsE0wzg=='}"
22-06-2023_17:58:03:530485,18.165.185.93,744.368, , , ,video/mp4,34082855,keep-alive,"Thu, 22 Jun 2023 15:58:05 GMT","Thu, 22 Jun 2023 10:01:02 GMT","""8ac8aa3c5414053de61f649fe776b0db-3""", ,AES256, , , ,bytes,AmazonS3, , , , ,RefreshHit from cloudfront,1.1 099d4ba9ace3ae96fa2a16ccfeeac6ec.cloudfront.net (CloudFront),ZRH55-P1,H9jUhE9GWcs3FWrz1TQMPSQ0zP606KQg__oXaRH-X038WaKUxLVttQ==, ,https://d2ujgmo1oihwsm.cloudfront.net/myvideo-california.mp4,my content hosted on CloudFront,"{'Content-Type': 'video/mp4', 'Content-Length': '34082855', 'Connection': 'keep-alive', 'Last-Modified': 'Thu, 22 Jun 2023 10:01:02 GMT', 'x-amz-server-side-encryption': 'AES256', 'Accept-Ranges': 'bytes', 'Server': 'AmazonS3', 'Date': 'Thu, 22 Jun 2023 15:58:05 GMT', 'ETag': '""8ac8aa3c5414053de61f649fe776b0db-3""', 'Vary': 'Accept-Encoding', 'X-Cache': 'RefreshHit from cloudfront', 'Via': '1.1 099d4ba9ace3ae96fa2a16ccfeeac6ec.cloudfront.net (CloudFront)', 'X-Amz-Cf-Pop': 'ZRH55-P1', 'X-Amz-Cf-Id': 'H9jUhE9GWcs3FWrz1TQMPSQ0zP606KQg__oXaRH-X038WaKUxLVttQ=='}"
