timestamp(dd-mm-yyyy hh:mm:ss:ms),responseIP,latency(ms),traceroute_ips,traceroute_hnames,hop count,Content-Type,Content-Length,Connection,Date,Last-Modified,ETag,x-amz-storage-class,x-amz-server-side-encryption,x-amz-meta-dv-checksum-sha-1,x-amz-meta-dv-checksum-md5,x-amz-meta-dv-checksum-sha-256,Accept-Ranges,Server,X-Server-IP,X-Server-IP_hops,X-Server-IP_hnames,X-Server-IP_hopcount,X-Cache,Via,X-Amz-Cf-Pop,X-Amz-Cf-Id,Age,url,info,reasponseHeaders
22-06-2023_22:43:11:700263,18.165.185.142,186.71099999999998, , , ,video/mp4,34082855,keep-alive,"Thu, 22 Jun 2023 20:43:12 GMT","Thu, 22 Jun 2023 19:56:09 GMT","""8ac8aa3c5414053de61f649fe776b0db-3""", ,AES256, , , ,bytes,AmazonS3, , , , ,RefreshHit from cloudfront,1.1 c7311454ce938e04f3523616a5b033da.cloudfront.net (CloudFront),ZRH55-P1,WwHdoojVhp_QfNd9s56nqDyjC8jjzM6CqI_Eobi7qoKwGqCoXAUktg==, ,https://d2o6x97a71876y.cloudfront.net/myvideo-milan.mp4,my content hosted on CloudFront,"{'Content-Type': 'video/mp4', 'Content-Length': '34082855', 'Connection': 'keep-alive', 'Last-Modified': 'Thu, 22 Jun 2023 19:56:09 GMT', 'x-amz-server-side-encryption': 'AES256', 'Accept-Ranges': 'bytes', 'Server': 'AmazonS3', 'Date': 'Thu, 22 Jun 2023 20:43:12 GMT', 'ETag': '""8ac8aa3c5414053de61f649fe776b0db-3""', 'Vary': 'Accept-Encoding', 'X-Cache': 'RefreshHit from cloudfront', 'Via': '1.1 c7311454ce938e04f3523616a5b033da.cloudfront.net (CloudFront)', 'X-Amz-Cf-Pop': 'ZRH55-P1', 'X-Amz-Cf-Id': 'WwHdoojVhp_QfNd9s56nqDyjC8jjzM6CqI_Eobi7qoKwGqCoXAUktg=='}"
22-06-2023_22:43:14:903154,18.165.185.142,215.169, , , ,video/mp4,34082855,keep-alive,"Thu, 22 Jun 2023 20:43:16 GMT","Thu, 22 Jun 2023 19:56:09 GMT","""8ac8aa3c5414053de61f649fe776b0db-3""", ,AES256, , , ,bytes,AmazonS3, , , , ,RefreshHit from cloudfront,1.1 a9717fb92179a05f5da85fabc586e750.cloudfront.net (CloudFront),ZRH55-P1,7RlrIVUx-W52hJaWyaURqm33vQDyR1tEBmuyzVoE0NdVbbJ9dg5Elw==, ,https://d2o6x97a71876y.cloudfront.net/myvideo-milan.mp4,my content hosted on CloudFront,"{'Content-Type': 'video/mp4', 'Content-Length': '34082855', 'Connection': 'keep-alive', 'Last-Modified': 'Thu, 22 Jun 2023 19:56:09 GMT', 'x-amz-server-side-encryption': 'AES256', 'Accept-Ranges': 'bytes', 'Server': 'AmazonS3', 'Date': 'Thu, 22 Jun 2023 20:43:16 GMT', 'ETag': '""8ac8aa3c5414053de61f649fe776b0db-3""', 'Vary': 'Accept-Encoding', 'X-Cache': 'RefreshHit from cloudfront', 'Via': '1.1 a9717fb92179a05f5da85fabc586e750.cloudfront.net (CloudFront)', 'X-Amz-Cf-Pop': 'ZRH55-P1', 'X-Amz-Cf-Id': '7RlrIVUx-W52hJaWyaURqm33vQDyR1tEBmuyzVoE0NdVbbJ9dg5Elw=='}"
22-06-2023_22:43:18:137057,18.165.185.142,170.846, , , ,video/mp4,34082855,keep-alive,"Thu, 22 Jun 2023 20:43:19 GMT","Thu, 22 Jun 2023 19:56:09 GMT","""8ac8aa3c5414053de61f649fe776b0db-3""", ,AES256, , , ,bytes,AmazonS3, , , , ,RefreshHit from cloudfront,1.1 2177a1d449a3e8dc7269040f15d81cb0.cloudfront.net (CloudFront),ZRH55-P1,7CSGZZGrNOk4UI5ugyjh_eWrNB1I5asJcucM1HAxPZurR2P8d-Z3UA==, ,https://d2o6x97a71876y.cloudfront.net/myvideo-milan.mp4,my content hosted on CloudFront,"{'Content-Type': 'video/mp4', 'Content-Length': '34082855', 'Connection': 'keep-alive', 'Last-Modified': 'Thu, 22 Jun 2023 19:56:09 GMT', 'x-amz-server-side-encryption': 'AES256', 'Accept-Ranges': 'bytes', 'Server': 'AmazonS3', 'Date': 'Thu, 22 Jun 2023 20:43:19 GMT', 'ETag': '""8ac8aa3c5414053de61f649fe776b0db-3""', 'Vary': 'Accept-Encoding', 'X-Cache': 'RefreshHit from cloudfront', 'Via': '1.1 2177a1d449a3e8dc7269040f15d81cb0.cloudfront.net (CloudFront)', 'X-Amz-Cf-Pop': 'ZRH55-P1', 'X-Amz-Cf-Id': '7CSGZZGrNOk4UI5ugyjh_eWrNB1I5asJcucM1HAxPZurR2P8d-Z3UA=='}"
22-06-2023_22:43:21:326277,18.165.185.142,188.48999999999998, , , ,video/mp4,34082855,keep-alive,"Thu, 22 Jun 2023 20:43:22 GMT","Thu, 22 Jun 2023 19:56:09 GMT","""8ac8aa3c5414053de61f649fe776b0db-3""", ,AES256, , , ,bytes,AmazonS3, , , , ,RefreshHit from cloudfront,1.1 fa2f998214db1c6c6bdb96ceff3ce5d8.cloudfront.net (CloudFront),ZRH55-P1,E8hjZD8g4p_3REh21i-PVBIyYh7py5g371jDxX31TwAEStX5mvB47Q==, ,https://d2o6x97a71876y.cloudfront.net/myvideo-milan.mp4,my content hosted on CloudFront,"{'Content-Type': 'video/mp4', 'Content-Length': '34082855', 'Connection': 'keep-alive', 'Last-Modified': 'Thu, 22 Jun 2023 19:56:09 GMT', 'x-amz-server-side-encryption': 'AES256', 'Accept-Ranges': 'bytes', 'Server': 'AmazonS3', 'Date': 'Thu, 22 Jun 2023 20:43:22 GMT', 'ETag': '""8ac8aa3c5414053de61f649fe776b0db-3""', 'Vary': 'Accept-Encoding', 'X-Cache': 'RefreshHit from cloudfront', 'Via': '1.1 fa2f998214db1c6c6bdb96ceff3ce5d8.cloudfront.net (CloudFront)', 'X-Amz-Cf-Pop': 'ZRH55-P1', 'X-Amz-Cf-Id': 'E8hjZD8g4p_3REh21i-PVBIyYh7py5g371jDxX31TwAEStX5mvB47Q=='}"
22-06-2023_22:43:24:531062,18.165.185.142,178.851, , , ,video/mp4,34082855,keep-alive,"Thu, 22 Jun 2023 20:43:25 GMT","Thu, 22 Jun 2023 19:56:09 GMT","""8ac8aa3c5414053de61f649fe776b0db-3""", ,AES256, , , ,bytes,AmazonS3, , , , ,RefreshHit from cloudfront,1.1 ff571229df9f46b01b0e434bcb36f9e6.cloudfront.net (CloudFront),ZRH55-P1,BDtu9uHoBF_MOB_Nr76qTBkPVqicGv4K-VWca72YypVIoxilsZn3yA==, ,https://d2o6x97a71876y.cloudfront.net/myvideo-milan.mp4,my content hosted on CloudFront,"{'Content-Type': 'video/mp4', 'Content-Length': '34082855', 'Connection': 'keep-alive', 'Last-Modified': 'Thu, 22 Jun 2023 19:56:09 GMT', 'x-amz-server-side-encryption': 'AES256', 'Accept-Ranges': 'bytes', 'Server': 'AmazonS3', 'Date': 'Thu, 22 Jun 2023 20:43:25 GMT', 'ETag': '""8ac8aa3c5414053de61f649fe776b0db-3""', 'Vary': 'Accept-Encoding', 'X-Cache': 'RefreshHit from cloudfront', 'Via': '1.1 ff571229df9f46b01b0e434bcb36f9e6.cloudfront.net (CloudFront)', 'X-Amz-Cf-Pop': 'ZRH55-P1', 'X-Amz-Cf-Id': 'BDtu9uHoBF_MOB_Nr76qTBkPVqicGv4K-VWca72YypVIoxilsZn3yA=='}"
22-06-2023_22:43:27:726489,18.165.185.142,176.72, , , ,video/mp4,34082855,keep-alive,"Thu, 22 Jun 2023 20:43:29 GMT","Thu, 22 Jun 2023 19:56:09 GMT","""8ac8aa3c5414053de61f649fe776b0db-3""", ,AES256, , , ,bytes,AmazonS3, , , , ,RefreshHit from cloudfront,1.1 a9717fb92179a05f5da85fabc586e750.cloudfront.net (CloudFront),ZRH55-P1,Ym7tWLtLDig54-X53PxNmqB28uMD36q5VQF6Un_PBjaAHCdIolxn-A==, ,https://d2o6x97a71876y.cloudfront.net/myvideo-milan.mp4,my content hosted on CloudFront,"{'Content-Type': 'video/mp4', 'Content-Length': '34082855', 'Connection': 'keep-alive', 'Last-Modified': 'Thu, 22 Jun 2023 19:56:09 GMT', 'x-amz-server-side-encryption': 'AES256', 'Accept-Ranges': 'bytes', 'Server': 'AmazonS3', 'Date': 'Thu, 22 Jun 2023 20:43:29 GMT', 'ETag': '""8ac8aa3c5414053de61f649fe776b0db-3""', 'Vary': 'Accept-Encoding', 'X-Cache': 'RefreshHit from cloudfront', 'Via': '1.1 a9717fb92179a05f5da85fabc586e750.cloudfront.net (CloudFront)', 'X-Amz-Cf-Pop': 'ZRH55-P1', 'X-Amz-Cf-Id': 'Ym7tWLtLDig54-X53PxNmqB28uMD36q5VQF6Un_PBjaAHCdIolxn-A=='}"
22-06-2023_22:43:30:918060,18.165.185.142,190.933, , , ,video/mp4,34082855,keep-alive,"Thu, 22 Jun 2023 20:43:32 GMT","Thu, 22 Jun 2023 19:56:09 GMT","""8ac8aa3c5414053de61f649fe776b0db-3""", ,AES256, , , ,bytes,AmazonS3, , , , ,RefreshHit from cloudfront,1.1 ca6974974a9175b71fb6a84145111ed2.cloudfront.net (CloudFront),ZRH55-P1,8gKha8kyp5nt2Z-N_pOyMqhbZI4Oehk1hEjd4DeC0rH-kQjotjxTfw==, ,https://d2o6x97a71876y.cloudfront.net/myvideo-milan.mp4,my content hosted on CloudFront,"{'Content-Type': 'video/mp4', 'Content-Length': '34082855', 'Connection': 'keep-alive', 'Last-Modified': 'Thu, 22 Jun 2023 19:56:09 GMT', 'x-amz-server-side-encryption': 'AES256', 'Accept-Ranges': 'bytes', 'Server': 'AmazonS3', 'Date': 'Thu, 22 Jun 2023 20:43:32 GMT', 'ETag': '""8ac8aa3c5414053de61f649fe776b0db-3""', 'Vary': 'Accept-Encoding', 'X-Cache': 'RefreshHit from cloudfront', 'Via': '1.1 ca6974974a9175b71fb6a84145111ed2.cloudfront.net (CloudFront)', 'X-Amz-Cf-Pop': 'ZRH55-P1', 'X-Amz-Cf-Id': '8gKha8kyp5nt2Z-N_pOyMqhbZI4Oehk1hEjd4DeC0rH-kQjotjxTfw=='}"
22-06-2023_22:43:34:126701,18.165.185.142,178.818, , , ,video/mp4,34082855,keep-alive,"Thu, 22 Jun 2023 20:43:35 GMT","Thu, 22 Jun 2023 19:56:09 GMT","""8ac8aa3c5414053de61f649fe776b0db-3""", ,AES256, , , ,bytes,AmazonS3, , , , ,RefreshHit from cloudfront,1.1 a1822b92cbf5d3516743d4786d5b6020.cloudfront.net (CloudFront),ZRH55-P1,hzMAEF1DAMFB2mAPmRdkYQ4X5pCrBFMY03yoySW6pAlF6BfQp3NI_Q==, ,https://d2o6x97a71876y.cloudfront.net/myvideo-milan.mp4,my content hosted on CloudFront,"{'Content-Type': 'video/mp4', 'Content-Length': '34082855', 'Connection': 'keep-alive', 'Last-Modified': 'Thu, 22 Jun 2023 19:56:09 GMT', 'x-amz-server-side-encryption': 'AES256', 'Accept-Ranges': 'bytes', 'Server': 'AmazonS3', 'Date': 'Thu, 22 Jun 2023 20:43:35 GMT', 'ETag': '""8ac8aa3c5414053de61f649fe776b0db-3""', 'Vary': 'Accept-Encoding', 'X-Cache': 'RefreshHit from cloudfront', 'Via': '1.1 a1822b92cbf5d3516743d4786d5b6020.cloudfront.net (CloudFront)', 'X-Amz-Cf-Pop': 'ZRH55-P1', 'X-Amz-Cf-Id': 'hzMAEF1DAMFB2mAPmRdkYQ4X5pCrBFMY03yoySW6pAlF6BfQp3NI_Q=='}"
22-06-2023_22:43:37:326831,18.165.185.142,190.037, , , ,video/mp4,34082855,keep-alive,"Thu, 22 Jun 2023 20:43:38 GMT","Thu, 22 Jun 2023 19:56:09 GMT","""8ac8aa3c5414053de61f649fe776b0db-3""", ,AES256, , , ,bytes,AmazonS3, , , , ,RefreshHit from cloudfront,1.1 b50b0f4274b74414c7dcdb544e6090a2.cloudfront.net (CloudFront),ZRH55-P1,nacR1lB7jVjb6Mrdr4L8Nrnokq0aR68WN59Qj3zPzF2kudmXDbnjew==, ,https://d2o6x97a71876y.cloudfront.net/myvideo-milan.mp4,my content hosted on CloudFront,"{'Content-Type': 'video/mp4', 'Content-Length': '34082855', 'Connection': 'keep-alive', 'Last-Modified': 'Thu, 22 Jun 2023 19:56:09 GMT', 'x-amz-server-side-encryption': 'AES256', 'Accept-Ranges': 'bytes', 'Server': 'AmazonS3', 'Date': 'Thu, 22 Jun 2023 20:43:38 GMT', 'ETag': '""8ac8aa3c5414053de61f649fe776b0db-3""', 'Vary': 'Accept-Encoding', 'X-Cache': 'RefreshHit from cloudfront', 'Via': '1.1 b50b0f4274b74414c7dcdb544e6090a2.cloudfront.net (CloudFront)', 'X-Amz-Cf-Pop': 'ZRH55-P1', 'X-Amz-Cf-Id': 'nacR1lB7jVjb6Mrdr4L8Nrnokq0aR68WN59Qj3zPzF2kudmXDbnjew=='}"
22-06-2023_22:43:40:536090,18.165.185.142,181.939, , , ,video/mp4,34082855,keep-alive,"Thu, 22 Jun 2023 20:43:41 GMT","Thu, 22 Jun 2023 19:56:09 GMT","""8ac8aa3c5414053de61f649fe776b0db-3""", ,AES256, , , ,bytes,AmazonS3, , , , ,RefreshHit from cloudfront,1.1 b03c46754456cd1729ff37c2faafd4ec.cloudfront.net (CloudFront),ZRH55-P1,n72jwb_AUmnkCjivvOy36Bot2o60Fvv7HHSjSnvuq8oi9O6lTqTQSQ==, ,https://d2o6x97a71876y.cloudfront.net/myvideo-milan.mp4,my content hosted on CloudFront,"{'Content-Type': 'video/mp4', 'Content-Length': '34082855', 'Connection': 'keep-alive', 'Last-Modified': 'Thu, 22 Jun 2023 19:56:09 GMT', 'x-amz-server-side-encryption': 'AES256', 'Accept-Ranges': 'bytes', 'Server': 'AmazonS3', 'Date': 'Thu, 22 Jun 2023 20:43:41 GMT', 'ETag': '""8ac8aa3c5414053de61f649fe776b0db-3""', 'Vary': 'Accept-Encoding', 'X-Cache': 'RefreshHit from cloudfront', 'Via': '1.1 b03c46754456cd1729ff37c2faafd4ec.cloudfront.net (CloudFront)', 'X-Amz-Cf-Pop': 'ZRH55-P1', 'X-Amz-Cf-Id': 'n72jwb_AUmnkCjivvOy36Bot2o60Fvv7HHSjSnvuq8oi9O6lTqTQSQ=='}"
22-06-2023_22:43:43:736383,18.165.185.142,180.847, , , ,video/mp4,34082855,keep-alive,"Thu, 22 Jun 2023 20:43:45 GMT","Thu, 22 Jun 2023 19:56:09 GMT","""8ac8aa3c5414053de61f649fe776b0db-3""", ,AES256, , , ,bytes,AmazonS3, , , , ,RefreshHit from cloudfront,1.1 e042bf1e56617a2fbe098f111a30b514.cloudfront.net (CloudFront),ZRH55-P1,u07Bk0Nfs-M4TH8s0S0Y0_HsTR-6OfnYV3cEcuNaSw_B3t6mgQ3TSQ==, ,https://d2o6x97a71876y.cloudfront.net/myvideo-milan.mp4,my content hosted on CloudFront,"{'Content-Type': 'video/mp4', 'Content-Length': '34082855', 'Connection': 'keep-alive', 'Last-Modified': 'Thu, 22 Jun 2023 19:56:09 GMT', 'x-amz-server-side-encryption': 'AES256', 'Accept-Ranges': 'bytes', 'Server': 'AmazonS3', 'Date': 'Thu, 22 Jun 2023 20:43:45 GMT', 'ETag': '""8ac8aa3c5414053de61f649fe776b0db-3""', 'Vary': 'Accept-Encoding', 'X-Cache': 'RefreshHit from cloudfront', 'Via': '1.1 e042bf1e56617a2fbe098f111a30b514.cloudfront.net (CloudFront)', 'X-Amz-Cf-Pop': 'ZRH55-P1', 'X-Amz-Cf-Id': 'u07Bk0Nfs-M4TH8s0S0Y0_HsTR-6OfnYV3cEcuNaSw_B3t6mgQ3TSQ=='}"
22-06-2023_22:43:46:932502,18.165.185.142,170.196, , , ,video/mp4,34082855,keep-alive,"Thu, 22 Jun 2023 20:43:48 GMT","Thu, 22 Jun 2023 19:56:09 GMT","""8ac8aa3c5414053de61f649fe776b0db-3""", ,AES256, , , ,bytes,AmazonS3, , , , ,RefreshHit from cloudfront,1.1 3d994808da6a9ce8c9e7b1364fa689ea.cloudfront.net (CloudFront),ZRH55-P1,sFkvvIn-kW1CdRPL6tlzwjlya9pWLhKzaHreHQMvsaLog72d3Mb6Fg==, ,https://d2o6x97a71876y.cloudfront.net/myvideo-milan.mp4,my content hosted on CloudFront,"{'Content-Type': 'video/mp4', 'Content-Length': '34082855', 'Connection': 'keep-alive', 'Last-Modified': 'Thu, 22 Jun 2023 19:56:09 GMT', 'x-amz-server-side-encryption': 'AES256', 'Accept-Ranges': 'bytes', 'Server': 'AmazonS3', 'Date': 'Thu, 22 Jun 2023 20:43:48 GMT', 'ETag': '""8ac8aa3c5414053de61f649fe776b0db-3""', 'Vary': 'Accept-Encoding', 'X-Cache': 'RefreshHit from cloudfront', 'Via': '1.1 3d994808da6a9ce8c9e7b1364fa689ea.cloudfront.net (CloudFront)', 'X-Amz-Cf-Pop': 'ZRH55-P1', 'X-Amz-Cf-Id': 'sFkvvIn-kW1CdRPL6tlzwjlya9pWLhKzaHreHQMvsaLog72d3Mb6Fg=='}"
22-06-2023_22:43:50:120089,18.165.185.142,187.798, , , ,video/mp4,34082855,keep-alive,"Thu, 22 Jun 2023 20:43:51 GMT","Thu, 22 Jun 2023 19:56:09 GMT","""8ac8aa3c5414053de61f649fe776b0db-3""", ,AES256, , , ,bytes,AmazonS3, , , , ,RefreshHit from cloudfront,1.1 099d4ba9ace3ae96fa2a16ccfeeac6ec.cloudfront.net (CloudFront),ZRH55-P1,T67J7Y_Si7UoMwD1Z7gQ7ERhYm_u67qP1j6SSjQRM3Rw0rfwdyy8ZA==, ,https://d2o6x97a71876y.cloudfront.net/myvideo-milan.mp4,my content hosted on CloudFront,"{'Content-Type': 'video/mp4', 'Content-Length': '34082855', 'Connection': 'keep-alive', 'Last-Modified': 'Thu, 22 Jun 2023 19:56:09 GMT', 'x-amz-server-side-encryption': 'AES256', 'Accept-Ranges': 'bytes', 'Server': 'AmazonS3', 'Date': 'Thu, 22 Jun 2023 20:43:51 GMT', 'ETag': '""8ac8aa3c5414053de61f649fe776b0db-3""', 'Vary': 'Accept-Encoding', 'X-Cache': 'RefreshHit from cloudfront', 'Via': '1.1 099d4ba9ace3ae96fa2a16ccfeeac6ec.cloudfront.net (CloudFront)', 'X-Amz-Cf-Pop': 'ZRH55-P1', 'X-Amz-Cf-Id': 'T67J7Y_Si7UoMwD1Z7gQ7ERhYm_u67qP1j6SSjQRM3Rw0rfwdyy8ZA=='}"
22-06-2023_22:43:53:324550,18.165.185.142,174.612, , , ,video/mp4,34082855,keep-alive,"Thu, 22 Jun 2023 20:43:54 GMT","Thu, 22 Jun 2023 19:56:09 GMT","""8ac8aa3c5414053de61f649fe776b0db-3""", ,AES256, , , ,bytes,AmazonS3, , , , ,RefreshHit from cloudfront,1.1 4aab94d467900146bd910265f6087b8e.cloudfront.net (CloudFront),ZRH55-P1,QIn8MUyhEGiyVxyRWQKA6AovcUhKvI-CgqTepYpkQwB1r5OK71PixQ==, ,https://d2o6x97a71876y.cloudfront.net/myvideo-milan.mp4,my content hosted on CloudFront,"{'Content-Type': 'video/mp4', 'Content-Length': '34082855', 'Connection': 'keep-alive', 'Last-Modified': 'Thu, 22 Jun 2023 19:56:09 GMT', 'x-amz-server-side-encryption': 'AES256', 'Accept-Ranges': 'bytes', 'Server': 'AmazonS3', 'Date': 'Thu, 22 Jun 2023 20:43:54 GMT', 'ETag': '""8ac8aa3c5414053de61f649fe776b0db-3""', 'Vary': 'Accept-Encoding', 'X-Cache': 'RefreshHit from cloudfront', 'Via': '1.1 4aab94d467900146bd910265f6087b8e.cloudfront.net (CloudFront)', 'X-Amz-Cf-Pop': 'ZRH55-P1', 'X-Amz-Cf-Id': 'QIn8MUyhEGiyVxyRWQKA6AovcUhKvI-CgqTepYpkQwB1r5OK71PixQ=='}"
22-06-2023_22:43:56:517006,18.165.185.142,195.315, , , ,video/mp4,34082855,keep-alive,"Thu, 22 Jun 2023 20:43:57 GMT","Thu, 22 Jun 2023 19:56:09 GMT","""8ac8aa3c5414053de61f649fe776b0db-3""", ,AES256, , , ,bytes,AmazonS3, , , , ,RefreshHit from cloudfront,1.1 6678c1810851ff197cbe3fe4c41e86a6.cloudfront.net (CloudFront),ZRH55-P1,IKgJRWOgPsWPPaSMWWSdx-LUxdq7ChvIgASiZYa15VeheL5px63Qdw==, ,https://d2o6x97a71876y.cloudfront.net/myvideo-milan.mp4,my content hosted on CloudFront,"{'Content-Type': 'video/mp4', 'Content-Length': '34082855', 'Connection': 'keep-alive', 'Last-Modified': 'Thu, 22 Jun 2023 19:56:09 GMT', 'x-amz-server-side-encryption': 'AES256', 'Accept-Ranges': 'bytes', 'Server': 'AmazonS3', 'Date': 'Thu, 22 Jun 2023 20:43:57 GMT', 'ETag': '""8ac8aa3c5414053de61f649fe776b0db-3""', 'Vary': 'Accept-Encoding', 'X-Cache': 'RefreshHit from cloudfront', 'Via': '1.1 6678c1810851ff197cbe3fe4c41e86a6.cloudfront.net (CloudFront)', 'X-Amz-Cf-Pop': 'ZRH55-P1', 'X-Amz-Cf-Id': 'IKgJRWOgPsWPPaSMWWSdx-LUxdq7ChvIgASiZYa15VeheL5px63Qdw=='}"
22-06-2023_22:43:59:730618,18.165.185.142,185.006, , , ,video/mp4,34082855,keep-alive,"Thu, 22 Jun 2023 20:44:01 GMT","Thu, 22 Jun 2023 19:56:09 GMT","""8ac8aa3c5414053de61f649fe776b0db-3""", ,AES256, , , ,bytes,AmazonS3, , , , ,RefreshHit from cloudfront,1.1 2177a1d449a3e8dc7269040f15d81cb0.cloudfront.net (CloudFront),ZRH55-P1,8Hcm4PpdSlnwnYT2I-tufspHG7tZhdEe75yauSlKEAeZm4zy-8ZEVg==, ,https://d2o6x97a71876y.cloudfront.net/myvideo-milan.mp4,my content hosted on CloudFront,"{'Content-Type': 'video/mp4', 'Content-Length': '34082855', 'Connection': 'keep-alive', 'Last-Modified': 'Thu, 22 Jun 2023 19:56:09 GMT', 'x-amz-server-side-encryption': 'AES256', 'Accept-Ranges': 'bytes', 'Server': 'AmazonS3', 'Date': 'Thu, 22 Jun 2023 20:44:01 GMT', 'ETag': '""8ac8aa3c5414053de61f649fe776b0db-3""', 'Vary': 'Accept-Encoding', 'X-Cache': 'RefreshHit from cloudfront', 'Via': '1.1 2177a1d449a3e8dc7269040f15d81cb0.cloudfront.net (CloudFront)', 'X-Amz-Cf-Pop': 'ZRH55-P1', 'X-Amz-Cf-Id': '8Hcm4PpdSlnwnYT2I-tufspHG7tZhdEe75yauSlKEAeZm4zy-8ZEVg=='}"
22-06-2023_22:44:02:933985,18.165.185.142,192.927, , , ,video/mp4,34082855,keep-alive,"Thu, 22 Jun 2023 20:44:04 GMT","Thu, 22 Jun 2023 19:56:09 GMT","""8ac8aa3c5414053de61f649fe776b0db-3""", ,AES256, , , ,bytes,AmazonS3, , , , ,RefreshHit from cloudfront,1.1 e042bf1e56617a2fbe098f111a30b514.cloudfront.net (CloudFront),ZRH55-P1,XeddB0_VFpbpeeQTvTt3W0Y3H89VioDkCHKsma50s4Y1Xl7GGK8Rew==, ,https://d2o6x97a71876y.cloudfront.net/myvideo-milan.mp4,my content hosted on CloudFront,"{'Content-Type': 'video/mp4', 'Content-Length': '34082855', 'Connection': 'keep-alive', 'Last-Modified': 'Thu, 22 Jun 2023 19:56:09 GMT', 'x-amz-server-side-encryption': 'AES256', 'Accept-Ranges': 'bytes', 'Server': 'AmazonS3', 'Date': 'Thu, 22 Jun 2023 20:44:04 GMT', 'ETag': '""8ac8aa3c5414053de61f649fe776b0db-3""', 'Vary': 'Accept-Encoding', 'X-Cache': 'RefreshHit from cloudfront', 'Via': '1.1 e042bf1e56617a2fbe098f111a30b514.cloudfront.net (CloudFront)', 'X-Amz-Cf-Pop': 'ZRH55-P1', 'X-Amz-Cf-Id': 'XeddB0_VFpbpeeQTvTt3W0Y3H89VioDkCHKsma50s4Y1Xl7GGK8Rew=='}"
22-06-2023_22:44:06:143679,18.165.185.142,182.427, , , ,video/mp4,34082855,keep-alive,"Thu, 22 Jun 2023 20:44:07 GMT","Thu, 22 Jun 2023 19:56:09 GMT","""8ac8aa3c5414053de61f649fe776b0db-3""", ,AES256, , , ,bytes,AmazonS3, , , , ,RefreshHit from cloudfront,1.1 20e88007b6f5218ef5942bc3581c73b8.cloudfront.net (CloudFront),ZRH55-P1,VFbZJebf-xLidHNQJeP1moPQkFfMf8Owm82vgBgCMQNBzhEjucIuJA==, ,https://d2o6x97a71876y.cloudfront.net/myvideo-milan.mp4,my content hosted on CloudFront,"{'Content-Type': 'video/mp4', 'Content-Length': '34082855', 'Connection': 'keep-alive', 'Last-Modified': 'Thu, 22 Jun 2023 19:56:09 GMT', 'x-amz-server-side-encryption': 'AES256', 'Accept-Ranges': 'bytes', 'Server': 'AmazonS3', 'Date': 'Thu, 22 Jun 2023 20:44:07 GMT', 'ETag': '""8ac8aa3c5414053de61f649fe776b0db-3""', 'Vary': 'Accept-Encoding', 'X-Cache': 'RefreshHit from cloudfront', 'Via': '1.1 20e88007b6f5218ef5942bc3581c73b8.cloudfront.net (CloudFront)', 'X-Amz-Cf-Pop': 'ZRH55-P1', 'X-Amz-Cf-Id': 'VFbZJebf-xLidHNQJeP1moPQkFfMf8Owm82vgBgCMQNBzhEjucIuJA=='}"
22-06-2023_22:44:09:343261,18.165.185.142,177.15800000000002, , , ,video/mp4,34082855,keep-alive,"Thu, 22 Jun 2023 20:44:10 GMT","Thu, 22 Jun 2023 19:56:09 GMT","""8ac8aa3c5414053de61f649fe776b0db-3""", ,AES256, , , ,bytes,AmazonS3, , , , ,RefreshHit from cloudfront,1.1 aca4cfc16ad0f84e78738cc400bfb7f4.cloudfront.net (CloudFront),ZRH55-P1,RmWiifKhieqdulc_JSm5jv4zp9---65Pkhl7ILBohIbTJ_H9ojgY0A==, ,https://d2o6x97a71876y.cloudfront.net/myvideo-milan.mp4,my content hosted on CloudFront,"{'Content-Type': 'video/mp4', 'Content-Length': '34082855', 'Connection': 'keep-alive', 'Last-Modified': 'Thu, 22 Jun 2023 19:56:09 GMT', 'x-amz-server-side-encryption': 'AES256', 'Accept-Ranges': 'bytes', 'Server': 'AmazonS3', 'Date': 'Thu, 22 Jun 2023 20:44:10 GMT', 'ETag': '""8ac8aa3c5414053de61f649fe776b0db-3""', 'Vary': 'Accept-Encoding', 'X-Cache': 'RefreshHit from cloudfront', 'Via': '1.1 aca4cfc16ad0f84e78738cc400bfb7f4.cloudfront.net (CloudFront)', 'X-Amz-Cf-Pop': 'ZRH55-P1', 'X-Amz-Cf-Id': 'RmWiifKhieqdulc_JSm5jv4zp9---65Pkhl7ILBohIbTJ_H9ojgY0A=='}"
22-06-2023_22:44:12:534385,18.165.185.142,180.40300000000002, , , ,video/mp4,34082855,keep-alive,"Thu, 22 Jun 2023 20:44:13 GMT","Thu, 22 Jun 2023 19:56:09 GMT","""8ac8aa3c5414053de61f649fe776b0db-3""", ,AES256, , , ,bytes,AmazonS3, , , , ,RefreshHit from cloudfront,1.1 fec5e83bcae9ab1295b776b3f64183d0.cloudfront.net (CloudFront),ZRH55-P1,-_pucwsRll3uAXmqNcA11mh1jVNRHs2eZI0FKRSBw3K77xl5uOKF-A==, ,https://d2o6x97a71876y.cloudfront.net/myvideo-milan.mp4,my content hosted on CloudFront,"{'Content-Type': 'video/mp4', 'Content-Length': '34082855', 'Connection': 'keep-alive', 'Last-Modified': 'Thu, 22 Jun 2023 19:56:09 GMT', 'x-amz-server-side-encryption': 'AES256', 'Accept-Ranges': 'bytes', 'Server': 'AmazonS3', 'Date': 'Thu, 22 Jun 2023 20:44:13 GMT', 'ETag': '""8ac8aa3c5414053de61f649fe776b0db-3""', 'Vary': 'Accept-Encoding', 'X-Cache': 'RefreshHit from cloudfront', 'Via': '1.1 fec5e83bcae9ab1295b776b3f64183d0.cloudfront.net (CloudFront)', 'X-Amz-Cf-Pop': 'ZRH55-P1', 'X-Amz-Cf-Id': '-_pucwsRll3uAXmqNcA11mh1jVNRHs2eZI0FKRSBw3K77xl5uOKF-A=='}"
22-06-2023_22:44:15:724835,18.165.185.142,185.862, , , ,video/mp4,34082855,keep-alive,"Thu, 22 Jun 2023 20:44:17 GMT","Thu, 22 Jun 2023 19:56:09 GMT","""8ac8aa3c5414053de61f649fe776b0db-3""", ,AES256, , , ,bytes,AmazonS3, , , , ,RefreshHit from cloudfront,1.1 9defe0d67603d45217a1199d0f877384.cloudfront.net (CloudFront),ZRH55-P1,ll9kdrqHOJem6dJ-F1-yNz5DYx04QbSAwo6ZXjCbB0BtihGWVJDUNg==, ,https://d2o6x97a71876y.cloudfront.net/myvideo-milan.mp4,my content hosted on CloudFront,"{'Content-Type': 'video/mp4', 'Content-Length': '34082855', 'Connection': 'keep-alive', 'Last-Modified': 'Thu, 22 Jun 2023 19:56:09 GMT', 'x-amz-server-side-encryption': 'AES256', 'Accept-Ranges': 'bytes', 'Server': 'AmazonS3', 'Date': 'Thu, 22 Jun 2023 20:44:17 GMT', 'ETag': '""8ac8aa3c5414053de61f649fe776b0db-3""', 'Vary': 'Accept-Encoding', 'X-Cache': 'RefreshHit from cloudfront', 'Via': '1.1 9defe0d67603d45217a1199d0f877384.cloudfront.net (CloudFront)', 'X-Amz-Cf-Pop': 'ZRH55-P1', 'X-Amz-Cf-Id': 'll9kdrqHOJem6dJ-F1-yNz5DYx04QbSAwo6ZXjCbB0BtihGWVJDUNg=='}"
22-06-2023_22:44:18:926994,18.165.185.142,182.232, , , ,video/mp4,34082855,keep-alive,"Thu, 22 Jun 2023 20:44:20 GMT","Thu, 22 Jun 2023 19:56:09 GMT","""8ac8aa3c5414053de61f649fe776b0db-3""", ,AES256, , , ,bytes,AmazonS3, , , , ,RefreshHit from cloudfront,1.1 df9ce120cad525bdb160f75cd7b807c2.cloudfront.net (CloudFront),ZRH55-P1,LImXehyH-ufAC-gk16BzcqbaF6zgVK13CQpG6OwW7BW6zvVjLdtgEA==, ,https://d2o6x97a71876y.cloudfront.net/myvideo-milan.mp4,my content hosted on CloudFront,"{'Content-Type': 'video/mp4', 'Content-Length': '34082855', 'Connection': 'keep-alive', 'Last-Modified': 'Thu, 22 Jun 2023 19:56:09 GMT', 'x-amz-server-side-encryption': 'AES256', 'Accept-Ranges': 'bytes', 'Server': 'AmazonS3', 'Date': 'Thu, 22 Jun 2023 20:44:20 GMT', 'ETag': '""8ac8aa3c5414053de61f649fe776b0db-3""', 'Vary': 'Accept-Encoding', 'X-Cache': 'RefreshHit from cloudfront', 'Via': '1.1 df9ce120cad525bdb160f75cd7b807c2.cloudfront.net (CloudFront)', 'X-Amz-Cf-Pop': 'ZRH55-P1', 'X-Amz-Cf-Id': 'LImXehyH-ufAC-gk16BzcqbaF6zgVK13CQpG6OwW7BW6zvVjLdtgEA=='}"
22-06-2023_22:44:22:128181,18.165.185.142,200.28199999999998, , , ,video/mp4,34082855,keep-alive,"Thu, 22 Jun 2023 20:44:23 GMT","Thu, 22 Jun 2023 19:56:09 GMT","""8ac8aa3c5414053de61f649fe776b0db-3""", ,AES256, , , ,bytes,AmazonS3, , , , ,RefreshHit from cloudfront,1.1 ff571229df9f46b01b0e434bcb36f9e6.cloudfront.net (CloudFront),ZRH55-P1,AduDp5VxhIOD_iwqB-AULnJXFLWwiE39ES59MJqJZ7i8MM2LjIEmxA==, ,https://d2o6x97a71876y.cloudfront.net/myvideo-milan.mp4,my content hosted on CloudFront,"{'Content-Type': 'video/mp4', 'Content-Length': '34082855', 'Connection': 'keep-alive', 'Last-Modified': 'Thu, 22 Jun 2023 19:56:09 GMT', 'x-amz-server-side-encryption': 'AES256', 'Accept-Ranges': 'bytes', 'Server': 'AmazonS3', 'Date': 'Thu, 22 Jun 2023 20:44:23 GMT', 'ETag': '""8ac8aa3c5414053de61f649fe776b0db-3""', 'Vary': 'Accept-Encoding', 'X-Cache': 'RefreshHit from cloudfront', 'Via': '1.1 ff571229df9f46b01b0e434bcb36f9e6.cloudfront.net (CloudFront)', 'X-Amz-Cf-Pop': 'ZRH55-P1', 'X-Amz-Cf-Id': 'AduDp5VxhIOD_iwqB-AULnJXFLWwiE39ES59MJqJZ7i8MM2LjIEmxA=='}"
22-06-2023_22:44:25:345346,18.165.185.142,176.308, , , ,video/mp4,34082855,keep-alive,"Thu, 22 Jun 2023 20:44:26 GMT","Thu, 22 Jun 2023 19:56:09 GMT","""8ac8aa3c5414053de61f649fe776b0db-3""", ,AES256, , , ,bytes,AmazonS3, , , , ,RefreshHit from cloudfront,1.1 b50b0f4274b74414c7dcdb544e6090a2.cloudfront.net (CloudFront),ZRH55-P1,uXTXTSK8DiaMtq9eVvG6WGw7IOI7WICZusL9-Ao_PvDQL_CFxPTHDw==, ,https://d2o6x97a71876y.cloudfront.net/myvideo-milan.mp4,my content hosted on CloudFront,"{'Content-Type': 'video/mp4', 'Content-Length': '34082855', 'Connection': 'keep-alive', 'Last-Modified': 'Thu, 22 Jun 2023 19:56:09 GMT', 'x-amz-server-side-encryption': 'AES256', 'Accept-Ranges': 'bytes', 'Server': 'AmazonS3', 'Date': 'Thu, 22 Jun 2023 20:44:26 GMT', 'ETag': '""8ac8aa3c5414053de61f649fe776b0db-3""', 'Vary': 'Accept-Encoding', 'X-Cache': 'RefreshHit from cloudfront', 'Via': '1.1 b50b0f4274b74414c7dcdb544e6090a2.cloudfront.net (CloudFront)', 'X-Amz-Cf-Pop': 'ZRH55-P1', 'X-Amz-Cf-Id': 'uXTXTSK8DiaMtq9eVvG6WGw7IOI7WICZusL9-Ao_PvDQL_CFxPTHDw=='}"
22-06-2023_22:44:28:540463,18.165.185.142,179.613, , , ,video/mp4,34082855,keep-alive,"Thu, 22 Jun 2023 20:44:29 GMT","Thu, 22 Jun 2023 19:56:09 GMT","""8ac8aa3c5414053de61f649fe776b0db-3""", ,AES256, , , ,bytes,AmazonS3, , , , ,RefreshHit from cloudfront,1.1 fec5e83bcae9ab1295b776b3f64183d0.cloudfront.net (CloudFront),ZRH55-P1,v_2drj7byoA5nP1K5A394gU6r2Sqz0VylbaQzw_3TODIUVKDcVLbcw==, ,https://d2o6x97a71876y.cloudfront.net/myvideo-milan.mp4,my content hosted on CloudFront,"{'Content-Type': 'video/mp4', 'Content-Length': '34082855', 'Connection': 'keep-alive', 'Last-Modified': 'Thu, 22 Jun 2023 19:56:09 GMT', 'x-amz-server-side-encryption': 'AES256', 'Accept-Ranges': 'bytes', 'Server': 'AmazonS3', 'Date': 'Thu, 22 Jun 2023 20:44:29 GMT', 'ETag': '""8ac8aa3c5414053de61f649fe776b0db-3""', 'Vary': 'Accept-Encoding', 'X-Cache': 'RefreshHit from cloudfront', 'Via': '1.1 fec5e83bcae9ab1295b776b3f64183d0.cloudfront.net (CloudFront)', 'X-Amz-Cf-Pop': 'ZRH55-P1', 'X-Amz-Cf-Id': 'v_2drj7byoA5nP1K5A394gU6r2Sqz0VylbaQzw_3TODIUVKDcVLbcw=='}"
22-06-2023_22:44:31:734999,18.165.185.142,175.719, , , ,video/mp4,34082855,keep-alive,"Thu, 22 Jun 2023 20:44:33 GMT","Thu, 22 Jun 2023 19:56:09 GMT","""8ac8aa3c5414053de61f649fe776b0db-3""", ,AES256, , , ,bytes,AmazonS3, , , , ,RefreshHit from cloudfront,1.1 2177a1d449a3e8dc7269040f15d81cb0.cloudfront.net (CloudFront),ZRH55-P1,5g1ghznIA0hN0UUXnY1cWcCadpeaGcPXgNp0hyZrpbJmqo-dadOhWQ==, ,https://d2o6x97a71876y.cloudfront.net/myvideo-milan.mp4,my content hosted on CloudFront,"{'Content-Type': 'video/mp4', 'Content-Length': '34082855', 'Connection': 'keep-alive', 'Last-Modified': 'Thu, 22 Jun 2023 19:56:09 GMT', 'x-amz-server-side-encryption': 'AES256', 'Accept-Ranges': 'bytes', 'Server': 'AmazonS3', 'Date': 'Thu, 22 Jun 2023 20:44:33 GMT', 'ETag': '""8ac8aa3c5414053de61f649fe776b0db-3""', 'Vary': 'Accept-Encoding', 'X-Cache': 'RefreshHit from cloudfront', 'Via': '1.1 2177a1d449a3e8dc7269040f15d81cb0.cloudfront.net (CloudFront)', 'X-Amz-Cf-Pop': 'ZRH55-P1', 'X-Amz-Cf-Id': '5g1ghznIA0hN0UUXnY1cWcCadpeaGcPXgNp0hyZrpbJmqo-dadOhWQ=='}"
22-06-2023_22:44:34:927729,18.165.185.142,189.36, , , ,video/mp4,34082855,keep-alive,"Thu, 22 Jun 2023 20:44:36 GMT","Thu, 22 Jun 2023 19:56:09 GMT","""8ac8aa3c5414053de61f649fe776b0db-3""", ,AES256, , , ,bytes,AmazonS3, , , , ,RefreshHit from cloudfront,1.1 478446fb4d72a1fd99b9a7a5157265f4.cloudfront.net (CloudFront),ZRH55-P1,Q0wqT9fbBjrJ8cAalHoQ9M7ysi-ePocXeeGAlSB-ojBVM6t6esFA4Q==, ,https://d2o6x97a71876y.cloudfront.net/myvideo-milan.mp4,my content hosted on CloudFront,"{'Content-Type': 'video/mp4', 'Content-Length': '34082855', 'Connection': 'keep-alive', 'Last-Modified': 'Thu, 22 Jun 2023 19:56:09 GMT', 'x-amz-server-side-encryption': 'AES256', 'Accept-Ranges': 'bytes', 'Server': 'AmazonS3', 'Date': 'Thu, 22 Jun 2023 20:44:36 GMT', 'ETag': '""8ac8aa3c5414053de61f649fe776b0db-3""', 'Vary': 'Accept-Encoding', 'X-Cache': 'RefreshHit from cloudfront', 'Via': '1.1 478446fb4d72a1fd99b9a7a5157265f4.cloudfront.net (CloudFront)', 'X-Amz-Cf-Pop': 'ZRH55-P1', 'X-Amz-Cf-Id': 'Q0wqT9fbBjrJ8cAalHoQ9M7ysi-ePocXeeGAlSB-ojBVM6t6esFA4Q=='}"
22-06-2023_22:44:38:136479,18.165.185.142,169.648, , , ,video/mp4,34082855,keep-alive,"Thu, 22 Jun 2023 20:44:39 GMT","Thu, 22 Jun 2023 19:56:09 GMT","""8ac8aa3c5414053de61f649fe776b0db-3""", ,AES256, , , ,bytes,AmazonS3, , , , ,RefreshHit from cloudfront,1.1 9f25aa45df27e50f380232059fde4c1a.cloudfront.net (CloudFront),ZRH55-P1,Hlzzky1L70Ps1XpuGP2j4hV7EMnLfBs0NeoEEQUDj2rDIPM2WbpSAw==, ,https://d2o6x97a71876y.cloudfront.net/myvideo-milan.mp4,my content hosted on CloudFront,"{'Content-Type': 'video/mp4', 'Content-Length': '34082855', 'Connection': 'keep-alive', 'Last-Modified': 'Thu, 22 Jun 2023 19:56:09 GMT', 'x-amz-server-side-encryption': 'AES256', 'Accept-Ranges': 'bytes', 'Server': 'AmazonS3', 'Date': 'Thu, 22 Jun 2023 20:44:39 GMT', 'ETag': '""8ac8aa3c5414053de61f649fe776b0db-3""', 'Vary': 'Accept-Encoding', 'X-Cache': 'RefreshHit from cloudfront', 'Via': '1.1 9f25aa45df27e50f380232059fde4c1a.cloudfront.net (CloudFront)', 'X-Amz-Cf-Pop': 'ZRH55-P1', 'X-Amz-Cf-Id': 'Hlzzky1L70Ps1XpuGP2j4hV7EMnLfBs0NeoEEQUDj2rDIPM2WbpSAw=='}"
22-06-2023_22:44:41:318481,18.165.185.142,201.784, , , ,video/mp4,34082855,keep-alive,"Thu, 22 Jun 2023 20:44:42 GMT","Thu, 22 Jun 2023 19:56:09 GMT","""8ac8aa3c5414053de61f649fe776b0db-3""", ,AES256, , , ,bytes,AmazonS3, , , , ,RefreshHit from cloudfront,1.1 d75d7156b5e1833582c3070298720664.cloudfront.net (CloudFront),ZRH55-P1,fQH3kd_B6siI1BSnm-DsKhMU1JY3mGJQkIiiBtIuJ9sztiH7J2yCbQ==, ,https://d2o6x97a71876y.cloudfront.net/myvideo-milan.mp4,my content hosted on CloudFront,"{'Content-Type': 'video/mp4', 'Content-Length': '34082855', 'Connection': 'keep-alive', 'Last-Modified': 'Thu, 22 Jun 2023 19:56:09 GMT', 'x-amz-server-side-encryption': 'AES256', 'Accept-Ranges': 'bytes', 'Server': 'AmazonS3', 'Date': 'Thu, 22 Jun 2023 20:44:42 GMT', 'ETag': '""8ac8aa3c5414053de61f649fe776b0db-3""', 'Vary': 'Accept-Encoding', 'X-Cache': 'RefreshHit from cloudfront', 'Via': '1.1 d75d7156b5e1833582c3070298720664.cloudfront.net (CloudFront)', 'X-Amz-Cf-Pop': 'ZRH55-P1', 'X-Amz-Cf-Id': 'fQH3kd_B6siI1BSnm-DsKhMU1JY3mGJQkIiiBtIuJ9sztiH7J2yCbQ=='}"
22-06-2023_22:44:44:541419,18.165.185.142,182.09300000000002, , , ,video/mp4,34082855,keep-alive,"Thu, 22 Jun 2023 20:44:45 GMT","Thu, 22 Jun 2023 19:56:09 GMT","""8ac8aa3c5414053de61f649fe776b0db-3""", ,AES256, , , ,bytes,AmazonS3, , , , ,RefreshHit from cloudfront,1.1 df9ce120cad525bdb160f75cd7b807c2.cloudfront.net (CloudFront),ZRH55-P1,Di9sy5Fb5KvCdIbnpc8DwPtwj1YnlnPRHtFskY18BrExDhgGKo3oog==, ,https://d2o6x97a71876y.cloudfront.net/myvideo-milan.mp4,my content hosted on CloudFront,"{'Content-Type': 'video/mp4', 'Content-Length': '34082855', 'Connection': 'keep-alive', 'Last-Modified': 'Thu, 22 Jun 2023 19:56:09 GMT', 'x-amz-server-side-encryption': 'AES256', 'Accept-Ranges': 'bytes', 'Server': 'AmazonS3', 'Date': 'Thu, 22 Jun 2023 20:44:45 GMT', 'ETag': '""8ac8aa3c5414053de61f649fe776b0db-3""', 'Vary': 'Accept-Encoding', 'X-Cache': 'RefreshHit from cloudfront', 'Via': '1.1 df9ce120cad525bdb160f75cd7b807c2.cloudfront.net (CloudFront)', 'X-Amz-Cf-Pop': 'ZRH55-P1', 'X-Amz-Cf-Id': 'Di9sy5Fb5KvCdIbnpc8DwPtwj1YnlnPRHtFskY18BrExDhgGKo3oog=='}"
22-06-2023_22:44:47:731688,18.165.185.142,179.725, , , ,video/mp4,34082855,keep-alive,"Thu, 22 Jun 2023 20:44:49 GMT","Thu, 22 Jun 2023 19:56:09 GMT","""8ac8aa3c5414053de61f649fe776b0db-3""", ,AES256, , , ,bytes,AmazonS3, , , , ,RefreshHit from cloudfront,1.1 d75d7156b5e1833582c3070298720664.cloudfront.net (CloudFront),ZRH55-P1,wROG8D_B0nSsWU-lox9i1rKqgcrmxEeDwKYS_LQPMEt7ElA5CvqYSQ==, ,https://d2o6x97a71876y.cloudfront.net/myvideo-milan.mp4,my content hosted on CloudFront,"{'Content-Type': 'video/mp4', 'Content-Length': '34082855', 'Connection': 'keep-alive', 'Last-Modified': 'Thu, 22 Jun 2023 19:56:09 GMT', 'x-amz-server-side-encryption': 'AES256', 'Accept-Ranges': 'bytes', 'Server': 'AmazonS3', 'Date': 'Thu, 22 Jun 2023 20:44:49 GMT', 'ETag': '""8ac8aa3c5414053de61f649fe776b0db-3""', 'Vary': 'Accept-Encoding', 'X-Cache': 'RefreshHit from cloudfront', 'Via': '1.1 d75d7156b5e1833582c3070298720664.cloudfront.net (CloudFront)', 'X-Amz-Cf-Pop': 'ZRH55-P1', 'X-Amz-Cf-Id': 'wROG8D_B0nSsWU-lox9i1rKqgcrmxEeDwKYS_LQPMEt7ElA5CvqYSQ=='}"
22-06-2023_22:44:50:932574,18.165.185.142,179.53, , , ,video/mp4,34082855,keep-alive,"Thu, 22 Jun 2023 20:44:52 GMT","Thu, 22 Jun 2023 19:56:09 GMT","""8ac8aa3c5414053de61f649fe776b0db-3""", ,AES256, , , ,bytes,AmazonS3, , , , ,RefreshHit from cloudfront,1.1 ff571229df9f46b01b0e434bcb36f9e6.cloudfront.net (CloudFront),ZRH55-P1,w46rZpFI8_zdkuWlWtZaakrhnvv_2VceVZYSj8S-Fu17r8HdPZm-Kg==, ,https://d2o6x97a71876y.cloudfront.net/myvideo-milan.mp4,my content hosted on CloudFront,"{'Content-Type': 'video/mp4', 'Content-Length': '34082855', 'Connection': 'keep-alive', 'Last-Modified': 'Thu, 22 Jun 2023 19:56:09 GMT', 'x-amz-server-side-encryption': 'AES256', 'Accept-Ranges': 'bytes', 'Server': 'AmazonS3', 'Date': 'Thu, 22 Jun 2023 20:44:52 GMT', 'ETag': '""8ac8aa3c5414053de61f649fe776b0db-3""', 'Vary': 'Accept-Encoding', 'X-Cache': 'RefreshHit from cloudfront', 'Via': '1.1 ff571229df9f46b01b0e434bcb36f9e6.cloudfront.net (CloudFront)', 'X-Amz-Cf-Pop': 'ZRH55-P1', 'X-Amz-Cf-Id': 'w46rZpFI8_zdkuWlWtZaakrhnvv_2VceVZYSj8S-Fu17r8HdPZm-Kg=='}"
22-06-2023_22:44:54:120669,18.165.185.142,196.492, , , ,video/mp4,34082855,keep-alive,"Thu, 22 Jun 2023 20:44:55 GMT","Thu, 22 Jun 2023 19:56:09 GMT","""8ac8aa3c5414053de61f649fe776b0db-3""", ,AES256, , , ,bytes,AmazonS3, , , , ,RefreshHit from cloudfront,1.1 9f25aa45df27e50f380232059fde4c1a.cloudfront.net (CloudFront),ZRH55-P1,H8xcYCX7LHmehDo2IovKwuFdGJQwFchZgQP3hNT3lFsss0tVL022XQ==, ,https://d2o6x97a71876y.cloudfront.net/myvideo-milan.mp4,my content hosted on CloudFront,"{'Content-Type': 'video/mp4', 'Content-Length': '34082855', 'Connection': 'keep-alive', 'Last-Modified': 'Thu, 22 Jun 2023 19:56:09 GMT', 'x-amz-server-side-encryption': 'AES256', 'Accept-Ranges': 'bytes', 'Server': 'AmazonS3', 'Date': 'Thu, 22 Jun 2023 20:44:55 GMT', 'ETag': '""8ac8aa3c5414053de61f649fe776b0db-3""', 'Vary': 'Accept-Encoding', 'X-Cache': 'RefreshHit from cloudfront', 'Via': '1.1 9f25aa45df27e50f380232059fde4c1a.cloudfront.net (CloudFront)', 'X-Amz-Cf-Pop': 'ZRH55-P1', 'X-Amz-Cf-Id': 'H8xcYCX7LHmehDo2IovKwuFdGJQwFchZgQP3hNT3lFsss0tVL022XQ=='}"
22-06-2023_22:44:57:331353,18.165.185.142,183.007, , , ,video/mp4,34082855,keep-alive,"Thu, 22 Jun 2023 20:44:58 GMT","Thu, 22 Jun 2023 19:56:09 GMT","""8ac8aa3c5414053de61f649fe776b0db-3""", ,AES256, , , ,bytes,AmazonS3, , , , ,RefreshHit from cloudfront,1.1 841da31399fe7f7e7065c840a22fae0a.cloudfront.net (CloudFront),ZRH55-P1,9D0yb3TVpvGe-NlSsadG_7bOej212ZkbrRA8dVVB5ehKgB4mkezzuw==, ,https://d2o6x97a71876y.cloudfront.net/myvideo-milan.mp4,my content hosted on CloudFront,"{'Content-Type': 'video/mp4', 'Content-Length': '34082855', 'Connection': 'keep-alive', 'Last-Modified': 'Thu, 22 Jun 2023 19:56:09 GMT', 'x-amz-server-side-encryption': 'AES256', 'Accept-Ranges': 'bytes', 'Server': 'AmazonS3', 'Date': 'Thu, 22 Jun 2023 20:44:58 GMT', 'ETag': '""8ac8aa3c5414053de61f649fe776b0db-3""', 'Vary': 'Accept-Encoding', 'X-Cache': 'RefreshHit from cloudfront', 'Via': '1.1 841da31399fe7f7e7065c840a22fae0a.cloudfront.net (CloudFront)', 'X-Amz-Cf-Pop': 'ZRH55-P1', 'X-Amz-Cf-Id': '9D0yb3TVpvGe-NlSsadG_7bOej212ZkbrRA8dVVB5ehKgB4mkezzuw=='}"
22-06-2023_22:45:00:530448,18.165.185.142,191.96699999999998, , , ,video/mp4,34082855,keep-alive,"Thu, 22 Jun 2023 20:45:01 GMT","Thu, 22 Jun 2023 19:56:09 GMT","""8ac8aa3c5414053de61f649fe776b0db-3""", ,AES256, , , ,bytes,AmazonS3, , , , ,RefreshHit from cloudfront,1.1 099d4ba9ace3ae96fa2a16ccfeeac6ec.cloudfront.net (CloudFront),ZRH55-P1,u-KBDNAUY6KWDoLcgDhfi1EKi2ptZUYzjqQT034-7MtgFZMlZr7CjA==, ,https://d2o6x97a71876y.cloudfront.net/myvideo-milan.mp4,my content hosted on CloudFront,"{'Content-Type': 'video/mp4', 'Content-Length': '34082855', 'Connection': 'keep-alive', 'Last-Modified': 'Thu, 22 Jun 2023 19:56:09 GMT', 'x-amz-server-side-encryption': 'AES256', 'Accept-Ranges': 'bytes', 'Server': 'AmazonS3', 'Date': 'Thu, 22 Jun 2023 20:45:01 GMT', 'ETag': '""8ac8aa3c5414053de61f649fe776b0db-3""', 'Vary': 'Accept-Encoding', 'X-Cache': 'RefreshHit from cloudfront', 'Via': '1.1 099d4ba9ace3ae96fa2a16ccfeeac6ec.cloudfront.net (CloudFront)', 'X-Amz-Cf-Pop': 'ZRH55-P1', 'X-Amz-Cf-Id': 'u-KBDNAUY6KWDoLcgDhfi1EKi2ptZUYzjqQT034-7MtgFZMlZr7CjA=='}"
22-06-2023_22:45:03:738019,18.165.185.142,181.092, , , ,video/mp4,34082855,keep-alive,"Thu, 22 Jun 2023 20:45:05 GMT","Thu, 22 Jun 2023 19:56:09 GMT","""8ac8aa3c5414053de61f649fe776b0db-3""", ,AES256, , , ,bytes,AmazonS3, , , , ,RefreshHit from cloudfront,1.1 841da31399fe7f7e7065c840a22fae0a.cloudfront.net (CloudFront),ZRH55-P1,hQoiBLrFQkUPmyVtad7fPMDaGJqsaB9zgf_CJSZqEdh3aL_Axj27GQ==, ,https://d2o6x97a71876y.cloudfront.net/myvideo-milan.mp4,my content hosted on CloudFront,"{'Content-Type': 'video/mp4', 'Content-Length': '34082855', 'Connection': 'keep-alive', 'Last-Modified': 'Thu, 22 Jun 2023 19:56:09 GMT', 'x-amz-server-side-encryption': 'AES256', 'Accept-Ranges': 'bytes', 'Server': 'AmazonS3', 'Date': 'Thu, 22 Jun 2023 20:45:05 GMT', 'ETag': '""8ac8aa3c5414053de61f649fe776b0db-3""', 'Vary': 'Accept-Encoding', 'X-Cache': 'RefreshHit from cloudfront', 'Via': '1.1 841da31399fe7f7e7065c840a22fae0a.cloudfront.net (CloudFront)', 'X-Amz-Cf-Pop': 'ZRH55-P1', 'X-Amz-Cf-Id': 'hQoiBLrFQkUPmyVtad7fPMDaGJqsaB9zgf_CJSZqEdh3aL_Axj27GQ=='}"
22-06-2023_22:45:06:936856,18.165.185.142,189.59599999999998, , , ,video/mp4,34082855,keep-alive,"Thu, 22 Jun 2023 20:45:08 GMT","Thu, 22 Jun 2023 19:56:09 GMT","""8ac8aa3c5414053de61f649fe776b0db-3""", ,AES256, , , ,bytes,AmazonS3, , , , ,RefreshHit from cloudfront,1.1 b50b0f4274b74414c7dcdb544e6090a2.cloudfront.net (CloudFront),ZRH55-P1,RaUM9TR_okiJ35-QmLMQFjgE3dI2XUxgiHOjQDWHzkEQXLLTb_-PRQ==, ,https://d2o6x97a71876y.cloudfront.net/myvideo-milan.mp4,my content hosted on CloudFront,"{'Content-Type': 'video/mp4', 'Content-Length': '34082855', 'Connection': 'keep-alive', 'Last-Modified': 'Thu, 22 Jun 2023 19:56:09 GMT', 'x-amz-server-side-encryption': 'AES256', 'Accept-Ranges': 'bytes', 'Server': 'AmazonS3', 'Date': 'Thu, 22 Jun 2023 20:45:08 GMT', 'ETag': '""8ac8aa3c5414053de61f649fe776b0db-3""', 'Vary': 'Accept-Encoding', 'X-Cache': 'RefreshHit from cloudfront', 'Via': '1.1 b50b0f4274b74414c7dcdb544e6090a2.cloudfront.net (CloudFront)', 'X-Amz-Cf-Pop': 'ZRH55-P1', 'X-Amz-Cf-Id': 'RaUM9TR_okiJ35-QmLMQFjgE3dI2XUxgiHOjQDWHzkEQXLLTb_-PRQ=='}"
22-06-2023_22:45:10:153784,18.165.185.142,173.517, , , ,video/mp4,34082855,keep-alive,"Thu, 22 Jun 2023 20:45:11 GMT","Thu, 22 Jun 2023 19:56:09 GMT","""8ac8aa3c5414053de61f649fe776b0db-3""", ,AES256, , , ,bytes,AmazonS3, , , , ,RefreshHit from cloudfront,1.1 b03c46754456cd1729ff37c2faafd4ec.cloudfront.net (CloudFront),ZRH55-P1,kMeMULqrej0_eCiTj5pvT9n77rpkosYvYVx0OCrW7UeJx46PUY33ow==, ,https://d2o6x97a71876y.cloudfront.net/myvideo-milan.mp4,my content hosted on CloudFront,"{'Content-Type': 'video/mp4', 'Content-Length': '34082855', 'Connection': 'keep-alive', 'Last-Modified': 'Thu, 22 Jun 2023 19:56:09 GMT', 'x-amz-server-side-encryption': 'AES256', 'Accept-Ranges': 'bytes', 'Server': 'AmazonS3', 'Date': 'Thu, 22 Jun 2023 20:45:11 GMT', 'ETag': '""8ac8aa3c5414053de61f649fe776b0db-3""', 'Vary': 'Accept-Encoding', 'X-Cache': 'RefreshHit from cloudfront', 'Via': '1.1 b03c46754456cd1729ff37c2faafd4ec.cloudfront.net (CloudFront)', 'X-Amz-Cf-Pop': 'ZRH55-P1', 'X-Amz-Cf-Id': 'kMeMULqrej0_eCiTj5pvT9n77rpkosYvYVx0OCrW7UeJx46PUY33ow=='}"
22-06-2023_22:45:13:344010,18.165.185.142,190.602, , , ,video/mp4,34082855,keep-alive,"Thu, 22 Jun 2023 20:45:14 GMT","Thu, 22 Jun 2023 19:56:09 GMT","""8ac8aa3c5414053de61f649fe776b0db-3""", ,AES256, , , ,bytes,AmazonS3, , , , ,RefreshHit from cloudfront,1.1 6ea1443d3dc39c2be7c23883fb0bd3e0.cloudfront.net (CloudFront),ZRH55-P1,Amp1BTX_g8vMlcDdukl_kAHch5ZVAUkWmseyFa70sCpGeCvcsibEyw==, ,https://d2o6x97a71876y.cloudfront.net/myvideo-milan.mp4,my content hosted on CloudFront,"{'Content-Type': 'video/mp4', 'Content-Length': '34082855', 'Connection': 'keep-alive', 'Last-Modified': 'Thu, 22 Jun 2023 19:56:09 GMT', 'x-amz-server-side-encryption': 'AES256', 'Accept-Ranges': 'bytes', 'Server': 'AmazonS3', 'Date': 'Thu, 22 Jun 2023 20:45:14 GMT', 'ETag': '""8ac8aa3c5414053de61f649fe776b0db-3""', 'Vary': 'Accept-Encoding', 'X-Cache': 'RefreshHit from cloudfront', 'Via': '1.1 6ea1443d3dc39c2be7c23883fb0bd3e0.cloudfront.net (CloudFront)', 'X-Amz-Cf-Pop': 'ZRH55-P1', 'X-Amz-Cf-Id': 'Amp1BTX_g8vMlcDdukl_kAHch5ZVAUkWmseyFa70sCpGeCvcsibEyw=='}"
22-06-2023_22:45:16:550292,18.165.185.142,182.032, , , ,video/mp4,34082855,keep-alive,"Thu, 22 Jun 2023 20:45:17 GMT","Thu, 22 Jun 2023 19:56:09 GMT","""8ac8aa3c5414053de61f649fe776b0db-3""", ,AES256, , , ,bytes,AmazonS3, , , , ,RefreshHit from cloudfront,1.1 099d4ba9ace3ae96fa2a16ccfeeac6ec.cloudfront.net (CloudFront),ZRH55-P1,6XiUNswLAamQ9B63GE14B_HwIzUS_DWPN-OiAK0H4-33qELuXEX6BQ==, ,https://d2o6x97a71876y.cloudfront.net/myvideo-milan.mp4,my content hosted on CloudFront,"{'Content-Type': 'video/mp4', 'Content-Length': '34082855', 'Connection': 'keep-alive', 'Last-Modified': 'Thu, 22 Jun 2023 19:56:09 GMT', 'x-amz-server-side-encryption': 'AES256', 'Accept-Ranges': 'bytes', 'Server': 'AmazonS3', 'Date': 'Thu, 22 Jun 2023 20:45:17 GMT', 'ETag': '""8ac8aa3c5414053de61f649fe776b0db-3""', 'Vary': 'Accept-Encoding', 'X-Cache': 'RefreshHit from cloudfront', 'Via': '1.1 099d4ba9ace3ae96fa2a16ccfeeac6ec.cloudfront.net (CloudFront)', 'X-Amz-Cf-Pop': 'ZRH55-P1', 'X-Amz-Cf-Id': '6XiUNswLAamQ9B63GE14B_HwIzUS_DWPN-OiAK0H4-33qELuXEX6BQ=='}"
22-06-2023_22:45:19:748056,18.165.185.142,180.748, , , ,video/mp4,34082855,keep-alive,"Thu, 22 Jun 2023 20:45:21 GMT","Thu, 22 Jun 2023 19:56:09 GMT","""8ac8aa3c5414053de61f649fe776b0db-3""", ,AES256, , , ,bytes,AmazonS3, , , , ,RefreshHit from cloudfront,1.1 7eb9eadda041aaab1056a6a0f8080462.cloudfront.net (CloudFront),ZRH55-P1,io-4VCKL9OzY5I9321Hb5GwdDt5ASvOKxo49vUjcrSgt962KA35Wsw==, ,https://d2o6x97a71876y.cloudfront.net/myvideo-milan.mp4,my content hosted on CloudFront,"{'Content-Type': 'video/mp4', 'Content-Length': '34082855', 'Connection': 'keep-alive', 'Last-Modified': 'Thu, 22 Jun 2023 19:56:09 GMT', 'x-amz-server-side-encryption': 'AES256', 'Accept-Ranges': 'bytes', 'Server': 'AmazonS3', 'Date': 'Thu, 22 Jun 2023 20:45:21 GMT', 'ETag': '""8ac8aa3c5414053de61f649fe776b0db-3""', 'Vary': 'Accept-Encoding', 'X-Cache': 'RefreshHit from cloudfront', 'Via': '1.1 7eb9eadda041aaab1056a6a0f8080462.cloudfront.net (CloudFront)', 'X-Amz-Cf-Pop': 'ZRH55-P1', 'X-Amz-Cf-Id': 'io-4VCKL9OzY5I9321Hb5GwdDt5ASvOKxo49vUjcrSgt962KA35Wsw=='}"
22-06-2023_22:45:22:949953,18.165.185.142,178.668, , , ,video/mp4,34082855,keep-alive,"Thu, 22 Jun 2023 20:45:24 GMT","Thu, 22 Jun 2023 19:56:09 GMT","""8ac8aa3c5414053de61f649fe776b0db-3""", ,AES256, , , ,bytes,AmazonS3, , , , ,RefreshHit from cloudfront,1.1 478446fb4d72a1fd99b9a7a5157265f4.cloudfront.net (CloudFront),ZRH55-P1,pnwH_FBHBTfLnWxQdtK1m6j1npNlo1g-qlWa0_tgLPR56tcsQ6tpTg==, ,https://d2o6x97a71876y.cloudfront.net/myvideo-milan.mp4,my content hosted on CloudFront,"{'Content-Type': 'video/mp4', 'Content-Length': '34082855', 'Connection': 'keep-alive', 'Last-Modified': 'Thu, 22 Jun 2023 19:56:09 GMT', 'x-amz-server-side-encryption': 'AES256', 'Accept-Ranges': 'bytes', 'Server': 'AmazonS3', 'Date': 'Thu, 22 Jun 2023 20:45:24 GMT', 'ETag': '""8ac8aa3c5414053de61f649fe776b0db-3""', 'Vary': 'Accept-Encoding', 'X-Cache': 'RefreshHit from cloudfront', 'Via': '1.1 478446fb4d72a1fd99b9a7a5157265f4.cloudfront.net (CloudFront)', 'X-Amz-Cf-Pop': 'ZRH55-P1', 'X-Amz-Cf-Id': 'pnwH_FBHBTfLnWxQdtK1m6j1npNlo1g-qlWa0_tgLPR56tcsQ6tpTg=='}"
22-06-2023_22:45:26:150533,18.165.185.142,189.262, , , ,video/mp4,34082855,keep-alive,"Thu, 22 Jun 2023 20:45:27 GMT","Thu, 22 Jun 2023 19:56:09 GMT","""8ac8aa3c5414053de61f649fe776b0db-3""", ,AES256, , , ,bytes,AmazonS3, , , , ,RefreshHit from cloudfront,1.1 2177a1d449a3e8dc7269040f15d81cb0.cloudfront.net (CloudFront),ZRH55-P1,84YehUuEjJznoYhx5FT-Fkut7OGbQtXNNdD97uBgNt5_RchdKE4rBg==, ,https://d2o6x97a71876y.cloudfront.net/myvideo-milan.mp4,my content hosted on CloudFront,"{'Content-Type': 'video/mp4', 'Content-Length': '34082855', 'Connection': 'keep-alive', 'Last-Modified': 'Thu, 22 Jun 2023 19:56:09 GMT', 'x-amz-server-side-encryption': 'AES256', 'Accept-Ranges': 'bytes', 'Server': 'AmazonS3', 'Date': 'Thu, 22 Jun 2023 20:45:27 GMT', 'ETag': '""8ac8aa3c5414053de61f649fe776b0db-3""', 'Vary': 'Accept-Encoding', 'X-Cache': 'RefreshHit from cloudfront', 'Via': '1.1 2177a1d449a3e8dc7269040f15d81cb0.cloudfront.net (CloudFront)', 'X-Amz-Cf-Pop': 'ZRH55-P1', 'X-Amz-Cf-Id': '84YehUuEjJznoYhx5FT-Fkut7OGbQtXNNdD97uBgNt5_RchdKE4rBg=='}"
22-06-2023_22:45:29:358467,18.165.185.142,186.585, , , ,video/mp4,34082855,keep-alive,"Thu, 22 Jun 2023 20:45:30 GMT","Thu, 22 Jun 2023 19:56:09 GMT","""8ac8aa3c5414053de61f649fe776b0db-3""", ,AES256, , , ,bytes,AmazonS3, , , , ,RefreshHit from cloudfront,1.1 6ea1443d3dc39c2be7c23883fb0bd3e0.cloudfront.net (CloudFront),ZRH55-P1,LVN_tpfiziUQ8cPueGOkXP6wsDXQcWBKfVWuCNRiXV021Cymi8Q3-A==, ,https://d2o6x97a71876y.cloudfront.net/myvideo-milan.mp4,my content hosted on CloudFront,"{'Content-Type': 'video/mp4', 'Content-Length': '34082855', 'Connection': 'keep-alive', 'Last-Modified': 'Thu, 22 Jun 2023 19:56:09 GMT', 'x-amz-server-side-encryption': 'AES256', 'Accept-Ranges': 'bytes', 'Server': 'AmazonS3', 'Date': 'Thu, 22 Jun 2023 20:45:30 GMT', 'ETag': '""8ac8aa3c5414053de61f649fe776b0db-3""', 'Vary': 'Accept-Encoding', 'X-Cache': 'RefreshHit from cloudfront', 'Via': '1.1 6ea1443d3dc39c2be7c23883fb0bd3e0.cloudfront.net (CloudFront)', 'X-Amz-Cf-Pop': 'ZRH55-P1', 'X-Amz-Cf-Id': 'LVN_tpfiziUQ8cPueGOkXP6wsDXQcWBKfVWuCNRiXV021Cymi8Q3-A=='}"
22-06-2023_22:45:32:567174,18.165.185.142,179.08599999999998, , , ,video/mp4,34082855,keep-alive,"Thu, 22 Jun 2023 20:45:33 GMT","Thu, 22 Jun 2023 19:56:09 GMT","""8ac8aa3c5414053de61f649fe776b0db-3""", ,AES256, , , ,bytes,AmazonS3, , , , ,RefreshHit from cloudfront,1.1 2bb98457c96f801517f8d0d98344cd3c.cloudfront.net (CloudFront),ZRH55-P1,RK5mKraE4tAFfAy6zNAwcCZW88K0H2fE7r5DpEbbxpybvVhuwHEZYA==, ,https://d2o6x97a71876y.cloudfront.net/myvideo-milan.mp4,my content hosted on CloudFront,"{'Content-Type': 'video/mp4', 'Content-Length': '34082855', 'Connection': 'keep-alive', 'Last-Modified': 'Thu, 22 Jun 2023 19:56:09 GMT', 'x-amz-server-side-encryption': 'AES256', 'Accept-Ranges': 'bytes', 'Server': 'AmazonS3', 'Date': 'Thu, 22 Jun 2023 20:45:33 GMT', 'ETag': '""8ac8aa3c5414053de61f649fe776b0db-3""', 'Vary': 'Accept-Encoding', 'X-Cache': 'RefreshHit from cloudfront', 'Via': '1.1 2bb98457c96f801517f8d0d98344cd3c.cloudfront.net (CloudFront)', 'X-Amz-Cf-Pop': 'ZRH55-P1', 'X-Amz-Cf-Id': 'RK5mKraE4tAFfAy6zNAwcCZW88K0H2fE7r5DpEbbxpybvVhuwHEZYA=='}"
22-06-2023_22:45:35:765334,18.165.185.142,186.841, , , ,video/mp4,34082855,keep-alive,"Thu, 22 Jun 2023 20:45:37 GMT","Thu, 22 Jun 2023 19:56:09 GMT","""8ac8aa3c5414053de61f649fe776b0db-3""", ,AES256, , , ,bytes,AmazonS3, , , , ,RefreshHit from cloudfront,1.1 a9717fb92179a05f5da85fabc586e750.cloudfront.net (CloudFront),ZRH55-P1,QBjVqawpbu85MC95g0rp3cBjLGmzGZJ4uDzXI_n1IY1bLwNNSvZMVg==, ,https://d2o6x97a71876y.cloudfront.net/myvideo-milan.mp4,my content hosted on CloudFront,"{'Content-Type': 'video/mp4', 'Content-Length': '34082855', 'Connection': 'keep-alive', 'Last-Modified': 'Thu, 22 Jun 2023 19:56:09 GMT', 'x-amz-server-side-encryption': 'AES256', 'Accept-Ranges': 'bytes', 'Server': 'AmazonS3', 'Date': 'Thu, 22 Jun 2023 20:45:37 GMT', 'ETag': '""8ac8aa3c5414053de61f649fe776b0db-3""', 'Vary': 'Accept-Encoding', 'X-Cache': 'RefreshHit from cloudfront', 'Via': '1.1 a9717fb92179a05f5da85fabc586e750.cloudfront.net (CloudFront)', 'X-Amz-Cf-Pop': 'ZRH55-P1', 'X-Amz-Cf-Id': 'QBjVqawpbu85MC95g0rp3cBjLGmzGZJ4uDzXI_n1IY1bLwNNSvZMVg=='}"
22-06-2023_22:45:38:972114,18.165.185.142,194.80800000000002, , , ,video/mp4,34082855,keep-alive,"Thu, 22 Jun 2023 20:45:40 GMT","Thu, 22 Jun 2023 19:56:09 GMT","""8ac8aa3c5414053de61f649fe776b0db-3""", ,AES256, , , ,bytes,AmazonS3, , , , ,RefreshHit from cloudfront,1.1 2aefdd231d9806ea2eced3399f411f80.cloudfront.net (CloudFront),ZRH55-P1,6hk6ahNnPxh3Zo-1dyPmEbLmNTZ8_0dJU1RTEnByw7oCFTU1j0gi4A==, ,https://d2o6x97a71876y.cloudfront.net/myvideo-milan.mp4,my content hosted on CloudFront,"{'Content-Type': 'video/mp4', 'Content-Length': '34082855', 'Connection': 'keep-alive', 'Last-Modified': 'Thu, 22 Jun 2023 19:56:09 GMT', 'x-amz-server-side-encryption': 'AES256', 'Accept-Ranges': 'bytes', 'Server': 'AmazonS3', 'Date': 'Thu, 22 Jun 2023 20:45:40 GMT', 'ETag': '""8ac8aa3c5414053de61f649fe776b0db-3""', 'Vary': 'Accept-Encoding', 'X-Cache': 'RefreshHit from cloudfront', 'Via': '1.1 2aefdd231d9806ea2eced3399f411f80.cloudfront.net (CloudFront)', 'X-Amz-Cf-Pop': 'ZRH55-P1', 'X-Amz-Cf-Id': '6hk6ahNnPxh3Zo-1dyPmEbLmNTZ8_0dJU1RTEnByw7oCFTU1j0gi4A=='}"
22-06-2023_22:45:42:182311,18.165.185.142,169.901, , , ,video/mp4,34082855,keep-alive,"Thu, 22 Jun 2023 20:45:43 GMT","Thu, 22 Jun 2023 19:56:09 GMT","""8ac8aa3c5414053de61f649fe776b0db-3""", ,AES256, , , ,bytes,AmazonS3, , , , ,RefreshHit from cloudfront,1.1 099d4ba9ace3ae96fa2a16ccfeeac6ec.cloudfront.net (CloudFront),ZRH55-P1,2qjsCkxQ-64yV6tB8DPPsC_rVnHZWYGP-CK3g5PnhsKW4xQEFZU5aA==, ,https://d2o6x97a71876y.cloudfront.net/myvideo-milan.mp4,my content hosted on CloudFront,"{'Content-Type': 'video/mp4', 'Content-Length': '34082855', 'Connection': 'keep-alive', 'Last-Modified': 'Thu, 22 Jun 2023 19:56:09 GMT', 'x-amz-server-side-encryption': 'AES256', 'Accept-Ranges': 'bytes', 'Server': 'AmazonS3', 'Date': 'Thu, 22 Jun 2023 20:45:43 GMT', 'ETag': '""8ac8aa3c5414053de61f649fe776b0db-3""', 'Vary': 'Accept-Encoding', 'X-Cache': 'RefreshHit from cloudfront', 'Via': '1.1 099d4ba9ace3ae96fa2a16ccfeeac6ec.cloudfront.net (CloudFront)', 'X-Amz-Cf-Pop': 'ZRH55-P1', 'X-Amz-Cf-Id': '2qjsCkxQ-64yV6tB8DPPsC_rVnHZWYGP-CK3g5PnhsKW4xQEFZU5aA=='}"
22-06-2023_22:45:45:365764,18.165.185.142,179.57799999999997, , , ,video/mp4,34082855,keep-alive,"Thu, 22 Jun 2023 20:45:46 GMT","Thu, 22 Jun 2023 19:56:09 GMT","""8ac8aa3c5414053de61f649fe776b0db-3""", ,AES256, , , ,bytes,AmazonS3, , , , ,RefreshHit from cloudfront,1.1 a1822b92cbf5d3516743d4786d5b6020.cloudfront.net (CloudFront),ZRH55-P1,4fbbmhVFLqJ1_WNuIHmDhaTam7UUKgfAdJJehTbfPlfgf29MsoN_PQ==, ,https://d2o6x97a71876y.cloudfront.net/myvideo-milan.mp4,my content hosted on CloudFront,"{'Content-Type': 'video/mp4', 'Content-Length': '34082855', 'Connection': 'keep-alive', 'Last-Modified': 'Thu, 22 Jun 2023 19:56:09 GMT', 'x-amz-server-side-encryption': 'AES256', 'Accept-Ranges': 'bytes', 'Server': 'AmazonS3', 'Date': 'Thu, 22 Jun 2023 20:45:46 GMT', 'ETag': '""8ac8aa3c5414053de61f649fe776b0db-3""', 'Vary': 'Accept-Encoding', 'X-Cache': 'RefreshHit from cloudfront', 'Via': '1.1 a1822b92cbf5d3516743d4786d5b6020.cloudfront.net (CloudFront)', 'X-Amz-Cf-Pop': 'ZRH55-P1', 'X-Amz-Cf-Id': '4fbbmhVFLqJ1_WNuIHmDhaTam7UUKgfAdJJehTbfPlfgf29MsoN_PQ=='}"
22-06-2023_22:45:48:565835,18.165.185.142,177.96200000000002, , , ,video/mp4,34082855,keep-alive,"Thu, 22 Jun 2023 20:45:49 GMT","Thu, 22 Jun 2023 19:56:09 GMT","""8ac8aa3c5414053de61f649fe776b0db-3""", ,AES256, , , ,bytes,AmazonS3, , , , ,RefreshHit from cloudfront,1.1 a1822b92cbf5d3516743d4786d5b6020.cloudfront.net (CloudFront),ZRH55-P1,eSmwLFcOfO-ZN-VELxD2BtmaG6Cy0isc-BDXbbrpMOkazvAXps22cw==, ,https://d2o6x97a71876y.cloudfront.net/myvideo-milan.mp4,my content hosted on CloudFront,"{'Content-Type': 'video/mp4', 'Content-Length': '34082855', 'Connection': 'keep-alive', 'Last-Modified': 'Thu, 22 Jun 2023 19:56:09 GMT', 'x-amz-server-side-encryption': 'AES256', 'Accept-Ranges': 'bytes', 'Server': 'AmazonS3', 'Date': 'Thu, 22 Jun 2023 20:45:49 GMT', 'ETag': '""8ac8aa3c5414053de61f649fe776b0db-3""', 'Vary': 'Accept-Encoding', 'X-Cache': 'RefreshHit from cloudfront', 'Via': '1.1 a1822b92cbf5d3516743d4786d5b6020.cloudfront.net (CloudFront)', 'X-Amz-Cf-Pop': 'ZRH55-P1', 'X-Amz-Cf-Id': 'eSmwLFcOfO-ZN-VELxD2BtmaG6Cy0isc-BDXbbrpMOkazvAXps22cw=='}"
22-06-2023_22:45:51:760303,18.165.185.142,193.64000000000001, , , ,video/mp4,34082855,keep-alive,"Thu, 22 Jun 2023 20:45:53 GMT","Thu, 22 Jun 2023 19:56:09 GMT","""8ac8aa3c5414053de61f649fe776b0db-3""", ,AES256, , , ,bytes,AmazonS3, , , , ,RefreshHit from cloudfront,1.1 aca4cfc16ad0f84e78738cc400bfb7f4.cloudfront.net (CloudFront),ZRH55-P1,gXGLtQzYMT8b9QRH5D8XFbXtSvnJfK3RxAO9ytadnwL22M-tLelfnA==, ,https://d2o6x97a71876y.cloudfront.net/myvideo-milan.mp4,my content hosted on CloudFront,"{'Content-Type': 'video/mp4', 'Content-Length': '34082855', 'Connection': 'keep-alive', 'Last-Modified': 'Thu, 22 Jun 2023 19:56:09 GMT', 'x-amz-server-side-encryption': 'AES256', 'Accept-Ranges': 'bytes', 'Server': 'AmazonS3', 'Date': 'Thu, 22 Jun 2023 20:45:53 GMT', 'ETag': '""8ac8aa3c5414053de61f649fe776b0db-3""', 'Vary': 'Accept-Encoding', 'X-Cache': 'RefreshHit from cloudfront', 'Via': '1.1 aca4cfc16ad0f84e78738cc400bfb7f4.cloudfront.net (CloudFront)', 'X-Amz-Cf-Pop': 'ZRH55-P1', 'X-Amz-Cf-Id': 'gXGLtQzYMT8b9QRH5D8XFbXtSvnJfK3RxAO9ytadnwL22M-tLelfnA=='}"
22-06-2023_22:45:54:972311,18.165.185.142,194.84099999999998, , , ,video/mp4,34082855,keep-alive,"Thu, 22 Jun 2023 20:45:56 GMT","Thu, 22 Jun 2023 19:56:09 GMT","""8ac8aa3c5414053de61f649fe776b0db-3""", ,AES256, , , ,bytes,AmazonS3, , , , ,RefreshHit from cloudfront,1.1 478446fb4d72a1fd99b9a7a5157265f4.cloudfront.net (CloudFront),ZRH55-P1,yttTAIvluJhy4YDci55Vc1cBm4hNqqLx4I_T3PWh5kttzu2B2JFO_g==, ,https://d2o6x97a71876y.cloudfront.net/myvideo-milan.mp4,my content hosted on CloudFront,"{'Content-Type': 'video/mp4', 'Content-Length': '34082855', 'Connection': 'keep-alive', 'Last-Modified': 'Thu, 22 Jun 2023 19:56:09 GMT', 'x-amz-server-side-encryption': 'AES256', 'Accept-Ranges': 'bytes', 'Server': 'AmazonS3', 'Date': 'Thu, 22 Jun 2023 20:45:56 GMT', 'ETag': '""8ac8aa3c5414053de61f649fe776b0db-3""', 'Vary': 'Accept-Encoding', 'X-Cache': 'RefreshHit from cloudfront', 'Via': '1.1 478446fb4d72a1fd99b9a7a5157265f4.cloudfront.net (CloudFront)', 'X-Amz-Cf-Pop': 'ZRH55-P1', 'X-Amz-Cf-Id': 'yttTAIvluJhy4YDci55Vc1cBm4hNqqLx4I_T3PWh5kttzu2B2JFO_g=='}"
22-06-2023_22:45:58:183414,18.165.185.142,176.788, , , ,video/mp4,34082855,keep-alive,"Thu, 22 Jun 2023 20:45:59 GMT","Thu, 22 Jun 2023 19:56:09 GMT","""8ac8aa3c5414053de61f649fe776b0db-3""", ,AES256, , , ,bytes,AmazonS3, , , , ,RefreshHit from cloudfront,1.1 4aab94d467900146bd910265f6087b8e.cloudfront.net (CloudFront),ZRH55-P1,Li5bw516PvUHAckLuVEqi_gtr5BKz8KKokVwQj8tGroNyk-46ZqQJg==, ,https://d2o6x97a71876y.cloudfront.net/myvideo-milan.mp4,my content hosted on CloudFront,"{'Content-Type': 'video/mp4', 'Content-Length': '34082855', 'Connection': 'keep-alive', 'Last-Modified': 'Thu, 22 Jun 2023 19:56:09 GMT', 'x-amz-server-side-encryption': 'AES256', 'Accept-Ranges': 'bytes', 'Server': 'AmazonS3', 'Date': 'Thu, 22 Jun 2023 20:45:59 GMT', 'ETag': '""8ac8aa3c5414053de61f649fe776b0db-3""', 'Vary': 'Accept-Encoding', 'X-Cache': 'RefreshHit from cloudfront', 'Via': '1.1 4aab94d467900146bd910265f6087b8e.cloudfront.net (CloudFront)', 'X-Amz-Cf-Pop': 'ZRH55-P1', 'X-Amz-Cf-Id': 'Li5bw516PvUHAckLuVEqi_gtr5BKz8KKokVwQj8tGroNyk-46ZqQJg=='}"
22-06-2023_22:46:01:376772,18.165.185.142,213.037, , , ,video/mp4,34082855,keep-alive,"Thu, 22 Jun 2023 20:46:02 GMT","Thu, 22 Jun 2023 19:56:09 GMT","""8ac8aa3c5414053de61f649fe776b0db-3""", ,AES256, , , ,bytes,AmazonS3, , , , ,RefreshHit from cloudfront,1.1 3a4b7ff21260552f6982d2003fec9c84.cloudfront.net (CloudFront),ZRH55-P1,dMccNQk70c2bjFgCCYbJjQ3oX_evI2PEIG07nHJsn-m5PR4NAdSAig==, ,https://d2o6x97a71876y.cloudfront.net/myvideo-milan.mp4,my content hosted on CloudFront,"{'Content-Type': 'video/mp4', 'Content-Length': '34082855', 'Connection': 'keep-alive', 'Last-Modified': 'Thu, 22 Jun 2023 19:56:09 GMT', 'x-amz-server-side-encryption': 'AES256', 'Accept-Ranges': 'bytes', 'Server': 'AmazonS3', 'Date': 'Thu, 22 Jun 2023 20:46:02 GMT', 'ETag': '""8ac8aa3c5414053de61f649fe776b0db-3""', 'Vary': 'Accept-Encoding', 'X-Cache': 'RefreshHit from cloudfront', 'Via': '1.1 3a4b7ff21260552f6982d2003fec9c84.cloudfront.net (CloudFront)', 'X-Amz-Cf-Pop': 'ZRH55-P1', 'X-Amz-Cf-Id': 'dMccNQk70c2bjFgCCYbJjQ3oX_evI2PEIG07nHJsn-m5PR4NAdSAig=='}"
22-06-2023_22:46:04:605368,18.165.185.142,179.567, , , ,video/mp4,34082855,keep-alive,"Thu, 22 Jun 2023 20:46:05 GMT","Thu, 22 Jun 2023 19:56:09 GMT","""8ac8aa3c5414053de61f649fe776b0db-3""", ,AES256, , , ,bytes,AmazonS3, , , , ,RefreshHit from cloudfront,1.1 fec5e83bcae9ab1295b776b3f64183d0.cloudfront.net (CloudFront),ZRH55-P1,2gXoJVbIQTT0USQJ9yTUAYkKzbPNb3W452hDEW867qlxp_yNesFGYA==, ,https://d2o6x97a71876y.cloudfront.net/myvideo-milan.mp4,my content hosted on CloudFront,"{'Content-Type': 'video/mp4', 'Content-Length': '34082855', 'Connection': 'keep-alive', 'Last-Modified': 'Thu, 22 Jun 2023 19:56:09 GMT', 'x-amz-server-side-encryption': 'AES256', 'Accept-Ranges': 'bytes', 'Server': 'AmazonS3', 'Date': 'Thu, 22 Jun 2023 20:46:05 GMT', 'ETag': '""8ac8aa3c5414053de61f649fe776b0db-3""', 'Vary': 'Accept-Encoding', 'X-Cache': 'RefreshHit from cloudfront', 'Via': '1.1 fec5e83bcae9ab1295b776b3f64183d0.cloudfront.net (CloudFront)', 'X-Amz-Cf-Pop': 'ZRH55-P1', 'X-Amz-Cf-Id': '2gXoJVbIQTT0USQJ9yTUAYkKzbPNb3W452hDEW867qlxp_yNesFGYA=='}"
22-06-2023_22:46:07:805358,18.165.185.142,86.74600000000001, , , ,video/mp4,34082855,keep-alive,"Thu, 22 Jun 2023 20:46:09 GMT","Thu, 22 Jun 2023 19:56:09 GMT","""8ac8aa3c5414053de61f649fe776b0db-3""", ,AES256, , , ,bytes,AmazonS3, , , , ,RefreshHit from cloudfront,1.1 4aab94d467900146bd910265f6087b8e.cloudfront.net (CloudFront),ZRH55-P1,pCwSCW7j7YvBKAaTPwwV9wxofF5HDPobwp_tvPwPNb6wjniGbh58Zg==, ,https://d2o6x97a71876y.cloudfront.net/myvideo-milan.mp4,my content hosted on CloudFront,"{'Content-Type': 'video/mp4', 'Content-Length': '34082855', 'Connection': 'keep-alive', 'Last-Modified': 'Thu, 22 Jun 2023 19:56:09 GMT', 'x-amz-server-side-encryption': 'AES256', 'Accept-Ranges': 'bytes', 'Server': 'AmazonS3', 'Date': 'Thu, 22 Jun 2023 20:46:09 GMT', 'ETag': '""8ac8aa3c5414053de61f649fe776b0db-3""', 'Vary': 'Accept-Encoding', 'X-Cache': 'RefreshHit from cloudfront', 'Via': '1.1 4aab94d467900146bd910265f6087b8e.cloudfront.net (CloudFront)', 'X-Amz-Cf-Pop': 'ZRH55-P1', 'X-Amz-Cf-Id': 'pCwSCW7j7YvBKAaTPwwV9wxofF5HDPobwp_tvPwPNb6wjniGbh58Zg=='}"
22-06-2023_22:46:10:902282,18.165.185.142,179.235, , , ,video/mp4,34082855,keep-alive,"Thu, 22 Jun 2023 20:46:12 GMT","Thu, 22 Jun 2023 19:56:09 GMT","""8ac8aa3c5414053de61f649fe776b0db-3""", ,AES256, , , ,bytes,AmazonS3, , , , ,RefreshHit from cloudfront,1.1 2177a1d449a3e8dc7269040f15d81cb0.cloudfront.net (CloudFront),ZRH55-P1,0wCSEIlv0jR_MipbIPCyudgYjPVtUupqykATt_Lf5VhID0pPMOsaMQ==, ,https://d2o6x97a71876y.cloudfront.net/myvideo-milan.mp4,my content hosted on CloudFront,"{'Content-Type': 'video/mp4', 'Content-Length': '34082855', 'Connection': 'keep-alive', 'Last-Modified': 'Thu, 22 Jun 2023 19:56:09 GMT', 'x-amz-server-side-encryption': 'AES256', 'Accept-Ranges': 'bytes', 'Server': 'AmazonS3', 'Date': 'Thu, 22 Jun 2023 20:46:12 GMT', 'ETag': '""8ac8aa3c5414053de61f649fe776b0db-3""', 'Vary': 'Accept-Encoding', 'X-Cache': 'RefreshHit from cloudfront', 'Via': '1.1 2177a1d449a3e8dc7269040f15d81cb0.cloudfront.net (CloudFront)', 'X-Amz-Cf-Pop': 'ZRH55-P1', 'X-Amz-Cf-Id': '0wCSEIlv0jR_MipbIPCyudgYjPVtUupqykATt_Lf5VhID0pPMOsaMQ=='}"
22-06-2023_22:46:14:098174,18.165.185.142,175.303, , , ,video/mp4,34082855,keep-alive,"Thu, 22 Jun 2023 20:46:15 GMT","Thu, 22 Jun 2023 19:56:09 GMT","""8ac8aa3c5414053de61f649fe776b0db-3""", ,AES256, , , ,bytes,AmazonS3, , , , ,RefreshHit from cloudfront,1.1 3d994808da6a9ce8c9e7b1364fa689ea.cloudfront.net (CloudFront),ZRH55-P1,gVMmHB4T_pELOMF23Y6jE7D-Hp4bEZCyOkfNy09aZ4-5CJrAfj-Fgw==, ,https://d2o6x97a71876y.cloudfront.net/myvideo-milan.mp4,my content hosted on CloudFront,"{'Content-Type': 'video/mp4', 'Content-Length': '34082855', 'Connection': 'keep-alive', 'Last-Modified': 'Thu, 22 Jun 2023 19:56:09 GMT', 'x-amz-server-side-encryption': 'AES256', 'Accept-Ranges': 'bytes', 'Server': 'AmazonS3', 'Date': 'Thu, 22 Jun 2023 20:46:15 GMT', 'ETag': '""8ac8aa3c5414053de61f649fe776b0db-3""', 'Vary': 'Accept-Encoding', 'X-Cache': 'RefreshHit from cloudfront', 'Via': '1.1 3d994808da6a9ce8c9e7b1364fa689ea.cloudfront.net (CloudFront)', 'X-Amz-Cf-Pop': 'ZRH55-P1', 'X-Amz-Cf-Id': 'gVMmHB4T_pELOMF23Y6jE7D-Hp4bEZCyOkfNy09aZ4-5CJrAfj-Fgw=='}"
22-06-2023_22:46:17:290309,18.165.185.142,189.538, , , ,video/mp4,34082855,keep-alive,"Thu, 22 Jun 2023 20:46:18 GMT","Thu, 22 Jun 2023 19:56:09 GMT","""8ac8aa3c5414053de61f649fe776b0db-3""", ,AES256, , , ,bytes,AmazonS3, , , , ,RefreshHit from cloudfront,1.1 2177a1d449a3e8dc7269040f15d81cb0.cloudfront.net (CloudFront),ZRH55-P1,f9-51z9Df6KVVuqW9bRL6OhU7ua7eqLR7lqP5e-W9AChY4YQO_RGWA==, ,https://d2o6x97a71876y.cloudfront.net/myvideo-milan.mp4,my content hosted on CloudFront,"{'Content-Type': 'video/mp4', 'Content-Length': '34082855', 'Connection': 'keep-alive', 'Last-Modified': 'Thu, 22 Jun 2023 19:56:09 GMT', 'x-amz-server-side-encryption': 'AES256', 'Accept-Ranges': 'bytes', 'Server': 'AmazonS3', 'Date': 'Thu, 22 Jun 2023 20:46:18 GMT', 'ETag': '""8ac8aa3c5414053de61f649fe776b0db-3""', 'Vary': 'Accept-Encoding', 'X-Cache': 'RefreshHit from cloudfront', 'Via': '1.1 2177a1d449a3e8dc7269040f15d81cb0.cloudfront.net (CloudFront)', 'X-Amz-Cf-Pop': 'ZRH55-P1', 'X-Amz-Cf-Id': 'f9-51z9Df6KVVuqW9bRL6OhU7ua7eqLR7lqP5e-W9AChY4YQO_RGWA=='}"
22-06-2023_22:46:20:500526,18.165.185.142,184.645, , , ,video/mp4,34082855,keep-alive,"Thu, 22 Jun 2023 20:46:21 GMT","Thu, 22 Jun 2023 19:56:09 GMT","""8ac8aa3c5414053de61f649fe776b0db-3""", ,AES256, , , ,bytes,AmazonS3, , , , ,RefreshHit from cloudfront,1.1 ff571229df9f46b01b0e434bcb36f9e6.cloudfront.net (CloudFront),ZRH55-P1,dnygfbHXwHEQEjnm7udmMyUSvTJy-FSW2T4g18daHGR5KaqhCqrG7w==, ,https://d2o6x97a71876y.cloudfront.net/myvideo-milan.mp4,my content hosted on CloudFront,"{'Content-Type': 'video/mp4', 'Content-Length': '34082855', 'Connection': 'keep-alive', 'Last-Modified': 'Thu, 22 Jun 2023 19:56:09 GMT', 'x-amz-server-side-encryption': 'AES256', 'Accept-Ranges': 'bytes', 'Server': 'AmazonS3', 'Date': 'Thu, 22 Jun 2023 20:46:21 GMT', 'ETag': '""8ac8aa3c5414053de61f649fe776b0db-3""', 'Vary': 'Accept-Encoding', 'X-Cache': 'RefreshHit from cloudfront', 'Via': '1.1 ff571229df9f46b01b0e434bcb36f9e6.cloudfront.net (CloudFront)', 'X-Amz-Cf-Pop': 'ZRH55-P1', 'X-Amz-Cf-Id': 'dnygfbHXwHEQEjnm7udmMyUSvTJy-FSW2T4g18daHGR5KaqhCqrG7w=='}"
22-06-2023_22:46:23:702886,18.165.185.142,170.574, , , ,video/mp4,34082855,keep-alive,"Thu, 22 Jun 2023 20:46:24 GMT","Thu, 22 Jun 2023 19:56:09 GMT","""8ac8aa3c5414053de61f649fe776b0db-3""", ,AES256, , , ,bytes,AmazonS3, , , , ,RefreshHit from cloudfront,1.1 b03c46754456cd1729ff37c2faafd4ec.cloudfront.net (CloudFront),ZRH55-P1,NopYf0jUxFElpZfMJQNJJ9mFc-8Ir6z2zcJOFwhEpNsjgVbadjX6cQ==, ,https://d2o6x97a71876y.cloudfront.net/myvideo-milan.mp4,my content hosted on CloudFront,"{'Content-Type': 'video/mp4', 'Content-Length': '34082855', 'Connection': 'keep-alive', 'Last-Modified': 'Thu, 22 Jun 2023 19:56:09 GMT', 'x-amz-server-side-encryption': 'AES256', 'Accept-Ranges': 'bytes', 'Server': 'AmazonS3', 'Date': 'Thu, 22 Jun 2023 20:46:24 GMT', 'ETag': '""8ac8aa3c5414053de61f649fe776b0db-3""', 'Vary': 'Accept-Encoding', 'X-Cache': 'RefreshHit from cloudfront', 'Via': '1.1 b03c46754456cd1729ff37c2faafd4ec.cloudfront.net (CloudFront)', 'X-Amz-Cf-Pop': 'ZRH55-P1', 'X-Amz-Cf-Id': 'NopYf0jUxFElpZfMJQNJJ9mFc-8Ir6z2zcJOFwhEpNsjgVbadjX6cQ=='}"
22-06-2023_22:46:26:890471,18.165.185.142,197.378, , , ,video/mp4,34082855,keep-alive,"Thu, 22 Jun 2023 20:46:28 GMT","Thu, 22 Jun 2023 19:56:09 GMT","""8ac8aa3c5414053de61f649fe776b0db-3""", ,AES256, , , ,bytes,AmazonS3, , , , ,RefreshHit from cloudfront,1.1 d75d7156b5e1833582c3070298720664.cloudfront.net (CloudFront),ZRH55-P1,K7vnh14bPADaEKCi_0Hb5pj25p1kDVDv-gkHPq5dHgvYil_IJgbKdw==, ,https://d2o6x97a71876y.cloudfront.net/myvideo-milan.mp4,my content hosted on CloudFront,"{'Content-Type': 'video/mp4', 'Content-Length': '34082855', 'Connection': 'keep-alive', 'Last-Modified': 'Thu, 22 Jun 2023 19:56:09 GMT', 'x-amz-server-side-encryption': 'AES256', 'Accept-Ranges': 'bytes', 'Server': 'AmazonS3', 'Date': 'Thu, 22 Jun 2023 20:46:28 GMT', 'ETag': '""8ac8aa3c5414053de61f649fe776b0db-3""', 'Vary': 'Accept-Encoding', 'X-Cache': 'RefreshHit from cloudfront', 'Via': '1.1 d75d7156b5e1833582c3070298720664.cloudfront.net (CloudFront)', 'X-Amz-Cf-Pop': 'ZRH55-P1', 'X-Amz-Cf-Id': 'K7vnh14bPADaEKCi_0Hb5pj25p1kDVDv-gkHPq5dHgvYil_IJgbKdw=='}"
22-06-2023_22:46:30:105531,18.165.185.142,175.13400000000001, , , ,video/mp4,34082855,keep-alive,"Thu, 22 Jun 2023 20:46:31 GMT","Thu, 22 Jun 2023 19:56:09 GMT","""8ac8aa3c5414053de61f649fe776b0db-3""", ,AES256, , , ,bytes,AmazonS3, , , , ,RefreshHit from cloudfront,1.1 099d4ba9ace3ae96fa2a16ccfeeac6ec.cloudfront.net (CloudFront),ZRH55-P1,GKBFPKBQxIbu5CmHDT8rl-gEo0BjAIWTcKhHoElWd0xmLes8BrjBZA==, ,https://d2o6x97a71876y.cloudfront.net/myvideo-milan.mp4,my content hosted on CloudFront,"{'Content-Type': 'video/mp4', 'Content-Length': '34082855', 'Connection': 'keep-alive', 'Last-Modified': 'Thu, 22 Jun 2023 19:56:09 GMT', 'x-amz-server-side-encryption': 'AES256', 'Accept-Ranges': 'bytes', 'Server': 'AmazonS3', 'Date': 'Thu, 22 Jun 2023 20:46:31 GMT', 'ETag': '""8ac8aa3c5414053de61f649fe776b0db-3""', 'Vary': 'Accept-Encoding', 'X-Cache': 'RefreshHit from cloudfront', 'Via': '1.1 099d4ba9ace3ae96fa2a16ccfeeac6ec.cloudfront.net (CloudFront)', 'X-Amz-Cf-Pop': 'ZRH55-P1', 'X-Amz-Cf-Id': 'GKBFPKBQxIbu5CmHDT8rl-gEo0BjAIWTcKhHoElWd0xmLes8BrjBZA=='}"
22-06-2023_22:46:33:297964,18.165.185.142,310.267, , , ,video/mp4,34082855,keep-alive,"Thu, 22 Jun 2023 20:46:34 GMT","Thu, 22 Jun 2023 19:56:09 GMT","""8ac8aa3c5414053de61f649fe776b0db-3""", ,AES256, , , ,bytes,AmazonS3, , , , ,RefreshHit from cloudfront,1.1 df9ce120cad525bdb160f75cd7b807c2.cloudfront.net (CloudFront),ZRH55-P1,bzW5nPjLLqqEDdgkOR893xM9LX6xs3mqYKksw9_VQyZfaFOi_tM90A==, ,https://d2o6x97a71876y.cloudfront.net/myvideo-milan.mp4,my content hosted on CloudFront,"{'Content-Type': 'video/mp4', 'Content-Length': '34082855', 'Connection': 'keep-alive', 'Last-Modified': 'Thu, 22 Jun 2023 19:56:09 GMT', 'x-amz-server-side-encryption': 'AES256', 'Accept-Ranges': 'bytes', 'Server': 'AmazonS3', 'Date': 'Thu, 22 Jun 2023 20:46:34 GMT', 'ETag': '""8ac8aa3c5414053de61f649fe776b0db-3""', 'Vary': 'Accept-Encoding', 'X-Cache': 'RefreshHit from cloudfront', 'Via': '1.1 df9ce120cad525bdb160f75cd7b807c2.cloudfront.net (CloudFront)', 'X-Amz-Cf-Pop': 'ZRH55-P1', 'X-Amz-Cf-Id': 'bzW5nPjLLqqEDdgkOR893xM9LX6xs3mqYKksw9_VQyZfaFOi_tM90A=='}"
22-06-2023_22:46:36:624110,18.165.185.142,175.77100000000002, , , ,video/mp4,34082855,keep-alive,"Thu, 22 Jun 2023 20:46:37 GMT","Thu, 22 Jun 2023 19:56:09 GMT","""8ac8aa3c5414053de61f649fe776b0db-3""", ,AES256, , , ,bytes,AmazonS3, , , , ,RefreshHit from cloudfront,1.1 aca4cfc16ad0f84e78738cc400bfb7f4.cloudfront.net (CloudFront),ZRH55-P1,58UDP-_ToEHD__M6hY7bHJyy_K8D3sm75MmB_zdQeURJPmtLbxLM7w==, ,https://d2o6x97a71876y.cloudfront.net/myvideo-milan.mp4,my content hosted on CloudFront,"{'Content-Type': 'video/mp4', 'Content-Length': '34082855', 'Connection': 'keep-alive', 'Last-Modified': 'Thu, 22 Jun 2023 19:56:09 GMT', 'x-amz-server-side-encryption': 'AES256', 'Accept-Ranges': 'bytes', 'Server': 'AmazonS3', 'Date': 'Thu, 22 Jun 2023 20:46:37 GMT', 'ETag': '""8ac8aa3c5414053de61f649fe776b0db-3""', 'Vary': 'Accept-Encoding', 'X-Cache': 'RefreshHit from cloudfront', 'Via': '1.1 aca4cfc16ad0f84e78738cc400bfb7f4.cloudfront.net (CloudFront)', 'X-Amz-Cf-Pop': 'ZRH55-P1', 'X-Amz-Cf-Id': '58UDP-_ToEHD__M6hY7bHJyy_K8D3sm75MmB_zdQeURJPmtLbxLM7w=='}"
22-06-2023_22:46:39:821020,18.165.185.142,186.899, , , ,video/mp4,34082855,keep-alive,"Thu, 22 Jun 2023 20:46:41 GMT","Thu, 22 Jun 2023 19:56:09 GMT","""8ac8aa3c5414053de61f649fe776b0db-3""", ,AES256, , , ,bytes,AmazonS3, , , , ,RefreshHit from cloudfront,1.1 099d4ba9ace3ae96fa2a16ccfeeac6ec.cloudfront.net (CloudFront),ZRH55-P1,_PtT3fIuJ9CDikXdAGtkhIBs6ke03rigH1vIQiw0AUH03VqggwQIYQ==, ,https://d2o6x97a71876y.cloudfront.net/myvideo-milan.mp4,my content hosted on CloudFront,"{'Content-Type': 'video/mp4', 'Content-Length': '34082855', 'Connection': 'keep-alive', 'Last-Modified': 'Thu, 22 Jun 2023 19:56:09 GMT', 'x-amz-server-side-encryption': 'AES256', 'Accept-Ranges': 'bytes', 'Server': 'AmazonS3', 'Date': 'Thu, 22 Jun 2023 20:46:41 GMT', 'ETag': '""8ac8aa3c5414053de61f649fe776b0db-3""', 'Vary': 'Accept-Encoding', 'X-Cache': 'RefreshHit from cloudfront', 'Via': '1.1 099d4ba9ace3ae96fa2a16ccfeeac6ec.cloudfront.net (CloudFront)', 'X-Amz-Cf-Pop': 'ZRH55-P1', 'X-Amz-Cf-Id': '_PtT3fIuJ9CDikXdAGtkhIBs6ke03rigH1vIQiw0AUH03VqggwQIYQ=='}"
22-06-2023_22:46:43:024560,18.165.185.142,188.12400000000002, , , ,video/mp4,34082855,keep-alive,"Thu, 22 Jun 2023 20:46:44 GMT","Thu, 22 Jun 2023 19:56:09 GMT","""8ac8aa3c5414053de61f649fe776b0db-3""", ,AES256, , , ,bytes,AmazonS3, , , , ,RefreshHit from cloudfront,1.1 cb0d3a2bdc5300e2d139e111e94efe5a.cloudfront.net (CloudFront),ZRH55-P1,rsUeaLB92cgkzLFu0srdsM_Gxf6LPhXmeq03CFwTnEudlKFGNeyWWg==, ,https://d2o6x97a71876y.cloudfront.net/myvideo-milan.mp4,my content hosted on CloudFront,"{'Content-Type': 'video/mp4', 'Content-Length': '34082855', 'Connection': 'keep-alive', 'Last-Modified': 'Thu, 22 Jun 2023 19:56:09 GMT', 'x-amz-server-side-encryption': 'AES256', 'Accept-Ranges': 'bytes', 'Server': 'AmazonS3', 'Date': 'Thu, 22 Jun 2023 20:46:44 GMT', 'ETag': '""8ac8aa3c5414053de61f649fe776b0db-3""', 'Vary': 'Accept-Encoding', 'X-Cache': 'RefreshHit from cloudfront', 'Via': '1.1 cb0d3a2bdc5300e2d139e111e94efe5a.cloudfront.net (CloudFront)', 'X-Amz-Cf-Pop': 'ZRH55-P1', 'X-Amz-Cf-Id': 'rsUeaLB92cgkzLFu0srdsM_Gxf6LPhXmeq03CFwTnEudlKFGNeyWWg=='}"
22-06-2023_22:46:46:229632,18.165.185.142,178.15800000000002, , , ,video/mp4,34082855,keep-alive,"Thu, 22 Jun 2023 20:46:47 GMT","Thu, 22 Jun 2023 19:56:09 GMT","""8ac8aa3c5414053de61f649fe776b0db-3""", ,AES256, , , ,bytes,AmazonS3, , , , ,RefreshHit from cloudfront,1.1 fec5e83bcae9ab1295b776b3f64183d0.cloudfront.net (CloudFront),ZRH55-P1,THZVen2CTAbGTpvG8TsgXWa5S1ffG9udGKpo48cP9qgLRt8Cw--Yaw==, ,https://d2o6x97a71876y.cloudfront.net/myvideo-milan.mp4,my content hosted on CloudFront,"{'Content-Type': 'video/mp4', 'Content-Length': '34082855', 'Connection': 'keep-alive', 'Last-Modified': 'Thu, 22 Jun 2023 19:56:09 GMT', 'x-amz-server-side-encryption': 'AES256', 'Accept-Ranges': 'bytes', 'Server': 'AmazonS3', 'Date': 'Thu, 22 Jun 2023 20:46:47 GMT', 'ETag': '""8ac8aa3c5414053de61f649fe776b0db-3""', 'Vary': 'Accept-Encoding', 'X-Cache': 'RefreshHit from cloudfront', 'Via': '1.1 fec5e83bcae9ab1295b776b3f64183d0.cloudfront.net (CloudFront)', 'X-Amz-Cf-Pop': 'ZRH55-P1', 'X-Amz-Cf-Id': 'THZVen2CTAbGTpvG8TsgXWa5S1ffG9udGKpo48cP9qgLRt8Cw--Yaw=='}"
22-06-2023_22:46:49:425985,18.165.185.142,173.928, , , ,video/mp4,34082855,keep-alive,"Thu, 22 Jun 2023 20:46:50 GMT","Thu, 22 Jun 2023 19:56:09 GMT","""8ac8aa3c5414053de61f649fe776b0db-3""", ,AES256, , , ,bytes,AmazonS3, , , , ,RefreshHit from cloudfront,1.1 2bb98457c96f801517f8d0d98344cd3c.cloudfront.net (CloudFront),ZRH55-P1,bV6TDtQ13faSyhxglxoSp3e4EUycy10udskS005sqxo6CLEJF023wA==, ,https://d2o6x97a71876y.cloudfront.net/myvideo-milan.mp4,my content hosted on CloudFront,"{'Content-Type': 'video/mp4', 'Content-Length': '34082855', 'Connection': 'keep-alive', 'Last-Modified': 'Thu, 22 Jun 2023 19:56:09 GMT', 'x-amz-server-side-encryption': 'AES256', 'Accept-Ranges': 'bytes', 'Server': 'AmazonS3', 'Date': 'Thu, 22 Jun 2023 20:46:50 GMT', 'ETag': '""8ac8aa3c5414053de61f649fe776b0db-3""', 'Vary': 'Accept-Encoding', 'X-Cache': 'RefreshHit from cloudfront', 'Via': '1.1 2bb98457c96f801517f8d0d98344cd3c.cloudfront.net (CloudFront)', 'X-Amz-Cf-Pop': 'ZRH55-P1', 'X-Amz-Cf-Id': 'bV6TDtQ13faSyhxglxoSp3e4EUycy10udskS005sqxo6CLEJF023wA=='}"
22-06-2023_22:46:52:615393,18.165.185.142,188.59799999999998, , , ,video/mp4,34082855,keep-alive,"Thu, 22 Jun 2023 20:46:53 GMT","Thu, 22 Jun 2023 19:56:09 GMT","""8ac8aa3c5414053de61f649fe776b0db-3""", ,AES256, , , ,bytes,AmazonS3, , , , ,RefreshHit from cloudfront,1.1 3d994808da6a9ce8c9e7b1364fa689ea.cloudfront.net (CloudFront),ZRH55-P1,_wUvYcSLF4bhsXr5_NCwbtppWKT8m5oWpxgoO8qGO4smLB3HqnsfDA==, ,https://d2o6x97a71876y.cloudfront.net/myvideo-milan.mp4,my content hosted on CloudFront,"{'Content-Type': 'video/mp4', 'Content-Length': '34082855', 'Connection': 'keep-alive', 'Last-Modified': 'Thu, 22 Jun 2023 19:56:09 GMT', 'x-amz-server-side-encryption': 'AES256', 'Accept-Ranges': 'bytes', 'Server': 'AmazonS3', 'Date': 'Thu, 22 Jun 2023 20:46:53 GMT', 'ETag': '""8ac8aa3c5414053de61f649fe776b0db-3""', 'Vary': 'Accept-Encoding', 'X-Cache': 'RefreshHit from cloudfront', 'Via': '1.1 3d994808da6a9ce8c9e7b1364fa689ea.cloudfront.net (CloudFront)', 'X-Amz-Cf-Pop': 'ZRH55-P1', 'X-Amz-Cf-Id': '_wUvYcSLF4bhsXr5_NCwbtppWKT8m5oWpxgoO8qGO4smLB3HqnsfDA=='}"
22-06-2023_22:46:55:817729,18.165.185.142,187.701, , , ,video/mp4,34082855,keep-alive,"Thu, 22 Jun 2023 20:46:57 GMT","Thu, 22 Jun 2023 19:56:09 GMT","""8ac8aa3c5414053de61f649fe776b0db-3""", ,AES256, , , ,bytes,AmazonS3, , , , ,RefreshHit from cloudfront,1.1 c7311454ce938e04f3523616a5b033da.cloudfront.net (CloudFront),ZRH55-P1,N9EFjIK7nuEaqGprPcOXl-sVuxSvZzCKMqewXO4KZIV0Hkg1AxEeGg==, ,https://d2o6x97a71876y.cloudfront.net/myvideo-milan.mp4,my content hosted on CloudFront,"{'Content-Type': 'video/mp4', 'Content-Length': '34082855', 'Connection': 'keep-alive', 'Last-Modified': 'Thu, 22 Jun 2023 19:56:09 GMT', 'x-amz-server-side-encryption': 'AES256', 'Accept-Ranges': 'bytes', 'Server': 'AmazonS3', 'Date': 'Thu, 22 Jun 2023 20:46:57 GMT', 'ETag': '""8ac8aa3c5414053de61f649fe776b0db-3""', 'Vary': 'Accept-Encoding', 'X-Cache': 'RefreshHit from cloudfront', 'Via': '1.1 c7311454ce938e04f3523616a5b033da.cloudfront.net (CloudFront)', 'X-Amz-Cf-Pop': 'ZRH55-P1', 'X-Amz-Cf-Id': 'N9EFjIK7nuEaqGprPcOXl-sVuxSvZzCKMqewXO4KZIV0Hkg1AxEeGg=='}"
22-06-2023_22:46:59:027556,18.165.185.142,179.54999999999998, , , ,video/mp4,34082855,keep-alive,"Thu, 22 Jun 2023 20:47:00 GMT","Thu, 22 Jun 2023 19:56:09 GMT","""8ac8aa3c5414053de61f649fe776b0db-3""", ,AES256, , , ,bytes,AmazonS3, , , , ,RefreshHit from cloudfront,1.1 3c2af29a416fc74eb3d104df3f808fdc.cloudfront.net (CloudFront),ZRH55-P1,r7l0ZPom5GadluU3S6SPy0I7qwSGVy0m_PTVph2fWKGaWQlvRSbNyw==, ,https://d2o6x97a71876y.cloudfront.net/myvideo-milan.mp4,my content hosted on CloudFront,"{'Content-Type': 'video/mp4', 'Content-Length': '34082855', 'Connection': 'keep-alive', 'Last-Modified': 'Thu, 22 Jun 2023 19:56:09 GMT', 'x-amz-server-side-encryption': 'AES256', 'Accept-Ranges': 'bytes', 'Server': 'AmazonS3', 'Date': 'Thu, 22 Jun 2023 20:47:00 GMT', 'ETag': '""8ac8aa3c5414053de61f649fe776b0db-3""', 'Vary': 'Accept-Encoding', 'X-Cache': 'RefreshHit from cloudfront', 'Via': '1.1 3c2af29a416fc74eb3d104df3f808fdc.cloudfront.net (CloudFront)', 'X-Amz-Cf-Pop': 'ZRH55-P1', 'X-Amz-Cf-Id': 'r7l0ZPom5GadluU3S6SPy0I7qwSGVy0m_PTVph2fWKGaWQlvRSbNyw=='}"
22-06-2023_22:47:02:223285,18.165.185.142,98.378, , , ,video/mp4,34082855,keep-alive,"Thu, 22 Jun 2023 20:47:03 GMT","Thu, 22 Jun 2023 19:56:09 GMT","""8ac8aa3c5414053de61f649fe776b0db-3""", ,AES256, , , ,bytes,AmazonS3, , , , ,RefreshHit from cloudfront,1.1 df9ce120cad525bdb160f75cd7b807c2.cloudfront.net (CloudFront),ZRH55-P1,ZE4_HLGz9KQLkhuPGS-heJg11TG510kLDH7jr5FwVkIZJtva_icdig==, ,https://d2o6x97a71876y.cloudfront.net/myvideo-milan.mp4,my content hosted on CloudFront,"{'Content-Type': 'video/mp4', 'Content-Length': '34082855', 'Connection': 'keep-alive', 'Last-Modified': 'Thu, 22 Jun 2023 19:56:09 GMT', 'x-amz-server-side-encryption': 'AES256', 'Accept-Ranges': 'bytes', 'Server': 'AmazonS3', 'Date': 'Thu, 22 Jun 2023 20:47:03 GMT', 'ETag': '""8ac8aa3c5414053de61f649fe776b0db-3""', 'Vary': 'Accept-Encoding', 'X-Cache': 'RefreshHit from cloudfront', 'Via': '1.1 df9ce120cad525bdb160f75cd7b807c2.cloudfront.net (CloudFront)', 'X-Amz-Cf-Pop': 'ZRH55-P1', 'X-Amz-Cf-Id': 'ZE4_HLGz9KQLkhuPGS-heJg11TG510kLDH7jr5FwVkIZJtva_icdig=='}"
22-06-2023_22:47:05:337025,18.165.185.142,171.77200000000002, , , ,video/mp4,34082855,keep-alive,"Thu, 22 Jun 2023 20:47:06 GMT","Thu, 22 Jun 2023 19:56:09 GMT","""8ac8aa3c5414053de61f649fe776b0db-3""", ,AES256, , , ,bytes,AmazonS3, , , , ,RefreshHit from cloudfront,1.1 841da31399fe7f7e7065c840a22fae0a.cloudfront.net (CloudFront),ZRH55-P1,szHWUbVvhnXhKBVfauJTBKpjCBhrdoCktNVM9R0JTbejLRLSj1ylnA==, ,https://d2o6x97a71876y.cloudfront.net/myvideo-milan.mp4,my content hosted on CloudFront,"{'Content-Type': 'video/mp4', 'Content-Length': '34082855', 'Connection': 'keep-alive', 'Last-Modified': 'Thu, 22 Jun 2023 19:56:09 GMT', 'x-amz-server-side-encryption': 'AES256', 'Accept-Ranges': 'bytes', 'Server': 'AmazonS3', 'Date': 'Thu, 22 Jun 2023 20:47:06 GMT', 'ETag': '""8ac8aa3c5414053de61f649fe776b0db-3""', 'Vary': 'Accept-Encoding', 'X-Cache': 'RefreshHit from cloudfront', 'Via': '1.1 841da31399fe7f7e7065c840a22fae0a.cloudfront.net (CloudFront)', 'X-Amz-Cf-Pop': 'ZRH55-P1', 'X-Amz-Cf-Id': 'szHWUbVvhnXhKBVfauJTBKpjCBhrdoCktNVM9R0JTbejLRLSj1ylnA=='}"
22-06-2023_22:47:08:525117,18.165.185.142,104.97, , , ,video/mp4,34082855,keep-alive,"Thu, 22 Jun 2023 20:47:09 GMT","Thu, 22 Jun 2023 19:56:09 GMT","""8ac8aa3c5414053de61f649fe776b0db-3""", ,AES256, , , ,bytes,AmazonS3, , , , ,RefreshHit from cloudfront,1.1 099d4ba9ace3ae96fa2a16ccfeeac6ec.cloudfront.net (CloudFront),ZRH55-P1,9buO0Im6k5RAmSf70PFtveTchp6DjpO5pmeuAqPRjsWLQwsMSdmxog==, ,https://d2o6x97a71876y.cloudfront.net/myvideo-milan.mp4,my content hosted on CloudFront,"{'Content-Type': 'video/mp4', 'Content-Length': '34082855', 'Connection': 'keep-alive', 'Last-Modified': 'Thu, 22 Jun 2023 19:56:09 GMT', 'x-amz-server-side-encryption': 'AES256', 'Accept-Ranges': 'bytes', 'Server': 'AmazonS3', 'Date': 'Thu, 22 Jun 2023 20:47:09 GMT', 'ETag': '""8ac8aa3c5414053de61f649fe776b0db-3""', 'Vary': 'Accept-Encoding', 'X-Cache': 'RefreshHit from cloudfront', 'Via': '1.1 099d4ba9ace3ae96fa2a16ccfeeac6ec.cloudfront.net (CloudFront)', 'X-Amz-Cf-Pop': 'ZRH55-P1', 'X-Amz-Cf-Id': '9buO0Im6k5RAmSf70PFtveTchp6DjpO5pmeuAqPRjsWLQwsMSdmxog=='}"
22-06-2023_22:47:11:645100,18.165.185.142,178.299, , , ,video/mp4,34082855,keep-alive,"Thu, 22 Jun 2023 20:47:12 GMT","Thu, 22 Jun 2023 19:56:09 GMT","""8ac8aa3c5414053de61f649fe776b0db-3""", ,AES256, , , ,bytes,AmazonS3, , , , ,RefreshHit from cloudfront,1.1 cb0d3a2bdc5300e2d139e111e94efe5a.cloudfront.net (CloudFront),ZRH55-P1,lW7LK5LUjBaWHl0gPBBVhO9SrztrBG6QVz_AhKVNqOTd8GSp1rD69w==, ,https://d2o6x97a71876y.cloudfront.net/myvideo-milan.mp4,my content hosted on CloudFront,"{'Content-Type': 'video/mp4', 'Content-Length': '34082855', 'Connection': 'keep-alive', 'Last-Modified': 'Thu, 22 Jun 2023 19:56:09 GMT', 'x-amz-server-side-encryption': 'AES256', 'Accept-Ranges': 'bytes', 'Server': 'AmazonS3', 'Date': 'Thu, 22 Jun 2023 20:47:12 GMT', 'ETag': '""8ac8aa3c5414053de61f649fe776b0db-3""', 'Vary': 'Accept-Encoding', 'X-Cache': 'RefreshHit from cloudfront', 'Via': '1.1 cb0d3a2bdc5300e2d139e111e94efe5a.cloudfront.net (CloudFront)', 'X-Amz-Cf-Pop': 'ZRH55-P1', 'X-Amz-Cf-Id': 'lW7LK5LUjBaWHl0gPBBVhO9SrztrBG6QVz_AhKVNqOTd8GSp1rD69w=='}"
22-06-2023_22:47:14:839308,18.165.185.142,175.321, , , ,video/mp4,34082855,keep-alive,"Thu, 22 Jun 2023 20:47:16 GMT","Thu, 22 Jun 2023 19:56:09 GMT","""8ac8aa3c5414053de61f649fe776b0db-3""", ,AES256, , , ,bytes,AmazonS3, , , , ,RefreshHit from cloudfront,1.1 49039a44484a184312d8f608c205b640.cloudfront.net (CloudFront),ZRH55-P1,JqJiBEXIWF-EHAVlxo8g5zVgNpc1OvY3OiI8ytIouRj497zpEc6lSA==, ,https://d2o6x97a71876y.cloudfront.net/myvideo-milan.mp4,my content hosted on CloudFront,"{'Content-Type': 'video/mp4', 'Content-Length': '34082855', 'Connection': 'keep-alive', 'Last-Modified': 'Thu, 22 Jun 2023 19:56:09 GMT', 'x-amz-server-side-encryption': 'AES256', 'Accept-Ranges': 'bytes', 'Server': 'AmazonS3', 'Date': 'Thu, 22 Jun 2023 20:47:16 GMT', 'ETag': '""8ac8aa3c5414053de61f649fe776b0db-3""', 'Vary': 'Accept-Encoding', 'X-Cache': 'RefreshHit from cloudfront', 'Via': '1.1 49039a44484a184312d8f608c205b640.cloudfront.net (CloudFront)', 'X-Amz-Cf-Pop': 'ZRH55-P1', 'X-Amz-Cf-Id': 'JqJiBEXIWF-EHAVlxo8g5zVgNpc1OvY3OiI8ytIouRj497zpEc6lSA=='}"
22-06-2023_22:47:18:035836,18.165.185.142,186.006, , , ,video/mp4,34082855,keep-alive,"Thu, 22 Jun 2023 20:47:19 GMT","Thu, 22 Jun 2023 19:56:09 GMT","""8ac8aa3c5414053de61f649fe776b0db-3""", ,AES256, , , ,bytes,AmazonS3, , , , ,RefreshHit from cloudfront,1.1 8f2341b304c32ec6530aa5361edb2fe4.cloudfront.net (CloudFront),ZRH55-P1,OrNH2Uz3UELROKLGBjzDl9W1eZ-99k6FMG74IAq81qMwQiPCqHbcXA==, ,https://d2o6x97a71876y.cloudfront.net/myvideo-milan.mp4,my content hosted on CloudFront,"{'Content-Type': 'video/mp4', 'Content-Length': '34082855', 'Connection': 'keep-alive', 'Last-Modified': 'Thu, 22 Jun 2023 19:56:09 GMT', 'x-amz-server-side-encryption': 'AES256', 'Accept-Ranges': 'bytes', 'Server': 'AmazonS3', 'Date': 'Thu, 22 Jun 2023 20:47:19 GMT', 'ETag': '""8ac8aa3c5414053de61f649fe776b0db-3""', 'Vary': 'Accept-Encoding', 'X-Cache': 'RefreshHit from cloudfront', 'Via': '1.1 8f2341b304c32ec6530aa5361edb2fe4.cloudfront.net (CloudFront)', 'X-Amz-Cf-Pop': 'ZRH55-P1', 'X-Amz-Cf-Id': 'OrNH2Uz3UELROKLGBjzDl9W1eZ-99k6FMG74IAq81qMwQiPCqHbcXA=='}"
22-06-2023_22:47:21:237478,18.165.185.142,196.206, , , ,video/mp4,34082855,keep-alive,"Thu, 22 Jun 2023 20:47:22 GMT","Thu, 22 Jun 2023 19:56:09 GMT","""8ac8aa3c5414053de61f649fe776b0db-3""", ,AES256, , , ,bytes,AmazonS3, , , , ,RefreshHit from cloudfront,1.1 c7311454ce938e04f3523616a5b033da.cloudfront.net (CloudFront),ZRH55-P1,kkRew9J3a4a75_jawFIXFwQ7VKZOjVlJBlcCsE4z63HXNwjxziO9Og==, ,https://d2o6x97a71876y.cloudfront.net/myvideo-milan.mp4,my content hosted on CloudFront,"{'Content-Type': 'video/mp4', 'Content-Length': '34082855', 'Connection': 'keep-alive', 'Last-Modified': 'Thu, 22 Jun 2023 19:56:09 GMT', 'x-amz-server-side-encryption': 'AES256', 'Accept-Ranges': 'bytes', 'Server': 'AmazonS3', 'Date': 'Thu, 22 Jun 2023 20:47:22 GMT', 'ETag': '""8ac8aa3c5414053de61f649fe776b0db-3""', 'Vary': 'Accept-Encoding', 'X-Cache': 'RefreshHit from cloudfront', 'Via': '1.1 c7311454ce938e04f3523616a5b033da.cloudfront.net (CloudFront)', 'X-Amz-Cf-Pop': 'ZRH55-P1', 'X-Amz-Cf-Id': 'kkRew9J3a4a75_jawFIXFwQ7VKZOjVlJBlcCsE4z63HXNwjxziO9Og=='}"
22-06-2023_22:47:24:445209,18.165.185.142,168.869, , , ,video/mp4,34082855,keep-alive,"Thu, 22 Jun 2023 20:47:25 GMT","Thu, 22 Jun 2023 19:56:09 GMT","""8ac8aa3c5414053de61f649fe776b0db-3""", ,AES256, , , ,bytes,AmazonS3, , , , ,RefreshHit from cloudfront,1.1 6ea1443d3dc39c2be7c23883fb0bd3e0.cloudfront.net (CloudFront),ZRH55-P1,WNxMWGb9c5p_GnWndjertPwdONwpCxDULJdfzXv2JCJ67w4UcE5U-Q==, ,https://d2o6x97a71876y.cloudfront.net/myvideo-milan.mp4,my content hosted on CloudFront,"{'Content-Type': 'video/mp4', 'Content-Length': '34082855', 'Connection': 'keep-alive', 'Last-Modified': 'Thu, 22 Jun 2023 19:56:09 GMT', 'x-amz-server-side-encryption': 'AES256', 'Accept-Ranges': 'bytes', 'Server': 'AmazonS3', 'Date': 'Thu, 22 Jun 2023 20:47:25 GMT', 'ETag': '""8ac8aa3c5414053de61f649fe776b0db-3""', 'Vary': 'Accept-Encoding', 'X-Cache': 'RefreshHit from cloudfront', 'Via': '1.1 6ea1443d3dc39c2be7c23883fb0bd3e0.cloudfront.net (CloudFront)', 'X-Amz-Cf-Pop': 'ZRH55-P1', 'X-Amz-Cf-Id': 'WNxMWGb9c5p_GnWndjertPwdONwpCxDULJdfzXv2JCJ67w4UcE5U-Q=='}"
22-06-2023_22:47:27:625539,18.165.185.142,184.685, , , ,video/mp4,34082855,keep-alive,"Thu, 22 Jun 2023 20:47:28 GMT","Thu, 22 Jun 2023 19:56:09 GMT","""8ac8aa3c5414053de61f649fe776b0db-3""", ,AES256, , , ,bytes,AmazonS3, , , , ,RefreshHit from cloudfront,1.1 aca4cfc16ad0f84e78738cc400bfb7f4.cloudfront.net (CloudFront),ZRH55-P1,xdPgYbIuTfALN33kOTgqzbdmk14VntSAKX-MRDX6j2xtzC9SO3f3aA==, ,https://d2o6x97a71876y.cloudfront.net/myvideo-milan.mp4,my content hosted on CloudFront,"{'Content-Type': 'video/mp4', 'Content-Length': '34082855', 'Connection': 'keep-alive', 'Last-Modified': 'Thu, 22 Jun 2023 19:56:09 GMT', 'x-amz-server-side-encryption': 'AES256', 'Accept-Ranges': 'bytes', 'Server': 'AmazonS3', 'Date': 'Thu, 22 Jun 2023 20:47:28 GMT', 'ETag': '""8ac8aa3c5414053de61f649fe776b0db-3""', 'Vary': 'Accept-Encoding', 'X-Cache': 'RefreshHit from cloudfront', 'Via': '1.1 aca4cfc16ad0f84e78738cc400bfb7f4.cloudfront.net (CloudFront)', 'X-Amz-Cf-Pop': 'ZRH55-P1', 'X-Amz-Cf-Id': 'xdPgYbIuTfALN33kOTgqzbdmk14VntSAKX-MRDX6j2xtzC9SO3f3aA=='}"
22-06-2023_22:47:30:821555,18.165.185.142,178.726, , , ,video/mp4,34082855,keep-alive,"Thu, 22 Jun 2023 20:47:32 GMT","Thu, 22 Jun 2023 19:56:09 GMT","""8ac8aa3c5414053de61f649fe776b0db-3""", ,AES256, , , ,bytes,AmazonS3, , , , ,RefreshHit from cloudfront,1.1 9c0ce977a13f3d9bbc6eed6540faf728.cloudfront.net (CloudFront),ZRH55-P1,WqGFJmKIvp192x7PHXapA8rRfwfLw1-Pii0ZvzBvV5cVm0FWba4ukA==, ,https://d2o6x97a71876y.cloudfront.net/myvideo-milan.mp4,my content hosted on CloudFront,"{'Content-Type': 'video/mp4', 'Content-Length': '34082855', 'Connection': 'keep-alive', 'Last-Modified': 'Thu, 22 Jun 2023 19:56:09 GMT', 'x-amz-server-side-encryption': 'AES256', 'Accept-Ranges': 'bytes', 'Server': 'AmazonS3', 'Date': 'Thu, 22 Jun 2023 20:47:32 GMT', 'ETag': '""8ac8aa3c5414053de61f649fe776b0db-3""', 'Vary': 'Accept-Encoding', 'X-Cache': 'RefreshHit from cloudfront', 'Via': '1.1 9c0ce977a13f3d9bbc6eed6540faf728.cloudfront.net (CloudFront)', 'X-Amz-Cf-Pop': 'ZRH55-P1', 'X-Amz-Cf-Id': 'WqGFJmKIvp192x7PHXapA8rRfwfLw1-Pii0ZvzBvV5cVm0FWba4ukA=='}"
22-06-2023_22:47:34:013435,18.165.185.142,186.04100000000003, , , ,video/mp4,34082855,keep-alive,"Thu, 22 Jun 2023 20:47:35 GMT","Thu, 22 Jun 2023 19:56:09 GMT","""8ac8aa3c5414053de61f649fe776b0db-3""", ,AES256, , , ,bytes,AmazonS3, , , , ,RefreshHit from cloudfront,1.1 a1822b92cbf5d3516743d4786d5b6020.cloudfront.net (CloudFront),ZRH55-P1,ET35jKx_dxoXqsuR12rWBcKmHgfkptH71urHIsVl_n4RtuYfS81WpQ==, ,https://d2o6x97a71876y.cloudfront.net/myvideo-milan.mp4,my content hosted on CloudFront,"{'Content-Type': 'video/mp4', 'Content-Length': '34082855', 'Connection': 'keep-alive', 'Last-Modified': 'Thu, 22 Jun 2023 19:56:09 GMT', 'x-amz-server-side-encryption': 'AES256', 'Accept-Ranges': 'bytes', 'Server': 'AmazonS3', 'Date': 'Thu, 22 Jun 2023 20:47:35 GMT', 'ETag': '""8ac8aa3c5414053de61f649fe776b0db-3""', 'Vary': 'Accept-Encoding', 'X-Cache': 'RefreshHit from cloudfront', 'Via': '1.1 a1822b92cbf5d3516743d4786d5b6020.cloudfront.net (CloudFront)', 'X-Amz-Cf-Pop': 'ZRH55-P1', 'X-Amz-Cf-Id': 'ET35jKx_dxoXqsuR12rWBcKmHgfkptH71urHIsVl_n4RtuYfS81WpQ=='}"
22-06-2023_22:47:37:209101,18.165.185.142,180.35000000000002, , , ,video/mp4,34082855,keep-alive,"Thu, 22 Jun 2023 20:47:38 GMT","Thu, 22 Jun 2023 19:56:09 GMT","""8ac8aa3c5414053de61f649fe776b0db-3""", ,AES256, , , ,bytes,AmazonS3, , , , ,RefreshHit from cloudfront,1.1 2177a1d449a3e8dc7269040f15d81cb0.cloudfront.net (CloudFront),ZRH55-P1,UzhdTtHkLnhcW7F3KfEC9rGDRdMfEcG_PsFx5Ym_sQKLGOrYiQvDAQ==, ,https://d2o6x97a71876y.cloudfront.net/myvideo-milan.mp4,my content hosted on CloudFront,"{'Content-Type': 'video/mp4', 'Content-Length': '34082855', 'Connection': 'keep-alive', 'Last-Modified': 'Thu, 22 Jun 2023 19:56:09 GMT', 'x-amz-server-side-encryption': 'AES256', 'Accept-Ranges': 'bytes', 'Server': 'AmazonS3', 'Date': 'Thu, 22 Jun 2023 20:47:38 GMT', 'ETag': '""8ac8aa3c5414053de61f649fe776b0db-3""', 'Vary': 'Accept-Encoding', 'X-Cache': 'RefreshHit from cloudfront', 'Via': '1.1 2177a1d449a3e8dc7269040f15d81cb0.cloudfront.net (CloudFront)', 'X-Amz-Cf-Pop': 'ZRH55-P1', 'X-Amz-Cf-Id': 'UzhdTtHkLnhcW7F3KfEC9rGDRdMfEcG_PsFx5Ym_sQKLGOrYiQvDAQ=='}"
22-06-2023_22:47:40:404380,18.165.185.142,177.498, , , ,video/mp4,34082855,keep-alive,"Thu, 22 Jun 2023 20:47:41 GMT","Thu, 22 Jun 2023 19:56:09 GMT","""8ac8aa3c5414053de61f649fe776b0db-3""", ,AES256, , , ,bytes,AmazonS3, , , , ,RefreshHit from cloudfront,1.1 49039a44484a184312d8f608c205b640.cloudfront.net (CloudFront),ZRH55-P1,JUX_7NJVlytuboQE9mt4T1fXGtLc220HyiIenTh3P71ancESkIvKqw==, ,https://d2o6x97a71876y.cloudfront.net/myvideo-milan.mp4,my content hosted on CloudFront,"{'Content-Type': 'video/mp4', 'Content-Length': '34082855', 'Connection': 'keep-alive', 'Last-Modified': 'Thu, 22 Jun 2023 19:56:09 GMT', 'x-amz-server-side-encryption': 'AES256', 'Accept-Ranges': 'bytes', 'Server': 'AmazonS3', 'Date': 'Thu, 22 Jun 2023 20:47:41 GMT', 'ETag': '""8ac8aa3c5414053de61f649fe776b0db-3""', 'Vary': 'Accept-Encoding', 'X-Cache': 'RefreshHit from cloudfront', 'Via': '1.1 49039a44484a184312d8f608c205b640.cloudfront.net (CloudFront)', 'X-Amz-Cf-Pop': 'ZRH55-P1', 'X-Amz-Cf-Id': 'JUX_7NJVlytuboQE9mt4T1fXGtLc220HyiIenTh3P71ancESkIvKqw=='}"
22-06-2023_22:47:43:601866,18.165.185.142,178.318, , , ,video/mp4,34082855,keep-alive,"Thu, 22 Jun 2023 20:47:44 GMT","Thu, 22 Jun 2023 19:56:09 GMT","""8ac8aa3c5414053de61f649fe776b0db-3""", ,AES256, , , ,bytes,AmazonS3, , , , ,RefreshHit from cloudfront,1.1 d75d7156b5e1833582c3070298720664.cloudfront.net (CloudFront),ZRH55-P1,PSHfex3vgq-Y6x1VBlMgdEsEW0gZui8QOC5KWVBJErVt0JZwpKUmHA==, ,https://d2o6x97a71876y.cloudfront.net/myvideo-milan.mp4,my content hosted on CloudFront,"{'Content-Type': 'video/mp4', 'Content-Length': '34082855', 'Connection': 'keep-alive', 'Last-Modified': 'Thu, 22 Jun 2023 19:56:09 GMT', 'x-amz-server-side-encryption': 'AES256', 'Accept-Ranges': 'bytes', 'Server': 'AmazonS3', 'Date': 'Thu, 22 Jun 2023 20:47:44 GMT', 'ETag': '""8ac8aa3c5414053de61f649fe776b0db-3""', 'Vary': 'Accept-Encoding', 'X-Cache': 'RefreshHit from cloudfront', 'Via': '1.1 d75d7156b5e1833582c3070298720664.cloudfront.net (CloudFront)', 'X-Amz-Cf-Pop': 'ZRH55-P1', 'X-Amz-Cf-Id': 'PSHfex3vgq-Y6x1VBlMgdEsEW0gZui8QOC5KWVBJErVt0JZwpKUmHA=='}"
22-06-2023_22:47:46:795110,18.165.185.142,187.482, , , ,video/mp4,34082855,keep-alive,"Thu, 22 Jun 2023 20:47:48 GMT","Thu, 22 Jun 2023 19:56:09 GMT","""8ac8aa3c5414053de61f649fe776b0db-3""", ,AES256, , , ,bytes,AmazonS3, , , , ,RefreshHit from cloudfront,1.1 01c82f5226ffef5f7e654ffdbab24db6.cloudfront.net (CloudFront),ZRH55-P1,c3ql50uSM1U7WV-ktPZi3q9uq09i45grDBxCAl2iXwYUmYviFNj2og==, ,https://d2o6x97a71876y.cloudfront.net/myvideo-milan.mp4,my content hosted on CloudFront,"{'Content-Type': 'video/mp4', 'Content-Length': '34082855', 'Connection': 'keep-alive', 'Last-Modified': 'Thu, 22 Jun 2023 19:56:09 GMT', 'x-amz-server-side-encryption': 'AES256', 'Accept-Ranges': 'bytes', 'Server': 'AmazonS3', 'Date': 'Thu, 22 Jun 2023 20:47:48 GMT', 'ETag': '""8ac8aa3c5414053de61f649fe776b0db-3""', 'Vary': 'Accept-Encoding', 'X-Cache': 'RefreshHit from cloudfront', 'Via': '1.1 01c82f5226ffef5f7e654ffdbab24db6.cloudfront.net (CloudFront)', 'X-Amz-Cf-Pop': 'ZRH55-P1', 'X-Amz-Cf-Id': 'c3ql50uSM1U7WV-ktPZi3q9uq09i45grDBxCAl2iXwYUmYviFNj2og=='}"
22-06-2023_22:47:49:991850,18.165.185.142,172.862, , , ,video/mp4,34082855,keep-alive,"Thu, 22 Jun 2023 20:47:51 GMT","Thu, 22 Jun 2023 19:56:09 GMT","""8ac8aa3c5414053de61f649fe776b0db-3""", ,AES256, , , ,bytes,AmazonS3, , , , ,RefreshHit from cloudfront,1.1 01c82f5226ffef5f7e654ffdbab24db6.cloudfront.net (CloudFront),ZRH55-P1,nnIdZ-Zvr8l3Wm8BspTQXaSoiqWelZQCBi9txPTuKmQIGpHwx8wqVQ==, ,https://d2o6x97a71876y.cloudfront.net/myvideo-milan.mp4,my content hosted on CloudFront,"{'Content-Type': 'video/mp4', 'Content-Length': '34082855', 'Connection': 'keep-alive', 'Last-Modified': 'Thu, 22 Jun 2023 19:56:09 GMT', 'x-amz-server-side-encryption': 'AES256', 'Accept-Ranges': 'bytes', 'Server': 'AmazonS3', 'Date': 'Thu, 22 Jun 2023 20:47:51 GMT', 'ETag': '""8ac8aa3c5414053de61f649fe776b0db-3""', 'Vary': 'Accept-Encoding', 'X-Cache': 'RefreshHit from cloudfront', 'Via': '1.1 01c82f5226ffef5f7e654ffdbab24db6.cloudfront.net (CloudFront)', 'X-Amz-Cf-Pop': 'ZRH55-P1', 'X-Amz-Cf-Id': 'nnIdZ-Zvr8l3Wm8BspTQXaSoiqWelZQCBi9txPTuKmQIGpHwx8wqVQ=='}"
22-06-2023_22:47:53:174719,18.165.185.142,197.604, , , ,video/mp4,34082855,keep-alive,"Thu, 22 Jun 2023 20:47:54 GMT","Thu, 22 Jun 2023 19:56:09 GMT","""8ac8aa3c5414053de61f649fe776b0db-3""", ,AES256, , , ,bytes,AmazonS3, , , , ,RefreshHit from cloudfront,1.1 a9717fb92179a05f5da85fabc586e750.cloudfront.net (CloudFront),ZRH55-P1,LStapE2jeUyjteJcLprmFTurBxX49bm4tMvXd8Wj-jbIq2Hfr1Idgw==, ,https://d2o6x97a71876y.cloudfront.net/myvideo-milan.mp4,my content hosted on CloudFront,"{'Content-Type': 'video/mp4', 'Content-Length': '34082855', 'Connection': 'keep-alive', 'Last-Modified': 'Thu, 22 Jun 2023 19:56:09 GMT', 'x-amz-server-side-encryption': 'AES256', 'Accept-Ranges': 'bytes', 'Server': 'AmazonS3', 'Date': 'Thu, 22 Jun 2023 20:47:54 GMT', 'ETag': '""8ac8aa3c5414053de61f649fe776b0db-3""', 'Vary': 'Accept-Encoding', 'X-Cache': 'RefreshHit from cloudfront', 'Via': '1.1 a9717fb92179a05f5da85fabc586e750.cloudfront.net (CloudFront)', 'X-Amz-Cf-Pop': 'ZRH55-P1', 'X-Amz-Cf-Id': 'LStapE2jeUyjteJcLprmFTurBxX49bm4tMvXd8Wj-jbIq2Hfr1Idgw=='}"
22-06-2023_22:47:56:388253,18.165.185.142,182.26999999999998, , , ,video/mp4,34082855,keep-alive,"Thu, 22 Jun 2023 20:47:57 GMT","Thu, 22 Jun 2023 19:56:09 GMT","""8ac8aa3c5414053de61f649fe776b0db-3""", ,AES256, , , ,bytes,AmazonS3, , , , ,RefreshHit from cloudfront,1.1 aca4cfc16ad0f84e78738cc400bfb7f4.cloudfront.net (CloudFront),ZRH55-P1,sGSc6bexlORWk73Mv4hQOPKSsgodEPr_RiOlpDFW7Ycw6gqHgHFTMA==, ,https://d2o6x97a71876y.cloudfront.net/myvideo-milan.mp4,my content hosted on CloudFront,"{'Content-Type': 'video/mp4', 'Content-Length': '34082855', 'Connection': 'keep-alive', 'Last-Modified': 'Thu, 22 Jun 2023 19:56:09 GMT', 'x-amz-server-side-encryption': 'AES256', 'Accept-Ranges': 'bytes', 'Server': 'AmazonS3', 'Date': 'Thu, 22 Jun 2023 20:47:57 GMT', 'ETag': '""8ac8aa3c5414053de61f649fe776b0db-3""', 'Vary': 'Accept-Encoding', 'X-Cache': 'RefreshHit from cloudfront', 'Via': '1.1 aca4cfc16ad0f84e78738cc400bfb7f4.cloudfront.net (CloudFront)', 'X-Amz-Cf-Pop': 'ZRH55-P1', 'X-Amz-Cf-Id': 'sGSc6bexlORWk73Mv4hQOPKSsgodEPr_RiOlpDFW7Ycw6gqHgHFTMA=='}"
22-06-2023_22:47:59:588590,18.165.185.142,182.286, , , ,video/mp4,34082855,keep-alive,"Thu, 22 Jun 2023 20:48:00 GMT","Thu, 22 Jun 2023 19:56:09 GMT","""8ac8aa3c5414053de61f649fe776b0db-3""", ,AES256, , , ,bytes,AmazonS3, , , , ,RefreshHit from cloudfront,1.1 20e88007b6f5218ef5942bc3581c73b8.cloudfront.net (CloudFront),ZRH55-P1,hGocVEHbcE1zWdujTg8kL_IjasQao1NTrrrnf0GJEBSU3X8uUM-Hnw==, ,https://d2o6x97a71876y.cloudfront.net/myvideo-milan.mp4,my content hosted on CloudFront,"{'Content-Type': 'video/mp4', 'Content-Length': '34082855', 'Connection': 'keep-alive', 'Last-Modified': 'Thu, 22 Jun 2023 19:56:09 GMT', 'x-amz-server-side-encryption': 'AES256', 'Accept-Ranges': 'bytes', 'Server': 'AmazonS3', 'Date': 'Thu, 22 Jun 2023 20:48:00 GMT', 'ETag': '""8ac8aa3c5414053de61f649fe776b0db-3""', 'Vary': 'Accept-Encoding', 'X-Cache': 'RefreshHit from cloudfront', 'Via': '1.1 20e88007b6f5218ef5942bc3581c73b8.cloudfront.net (CloudFront)', 'X-Amz-Cf-Pop': 'ZRH55-P1', 'X-Amz-Cf-Id': 'hGocVEHbcE1zWdujTg8kL_IjasQao1NTrrrnf0GJEBSU3X8uUM-Hnw=='}"
22-06-2023_22:48:02:786160,18.165.185.142,160.5, , , ,video/mp4,34082855,keep-alive,"Thu, 22 Jun 2023 20:48:04 GMT","Thu, 22 Jun 2023 19:56:09 GMT","""8ac8aa3c5414053de61f649fe776b0db-3""", ,AES256, , , ,bytes,AmazonS3, , , , ,RefreshHit from cloudfront,1.1 fec5e83bcae9ab1295b776b3f64183d0.cloudfront.net (CloudFront),ZRH55-P1,1OAkOEHXqZsbqlN5eYS7FscoVeolbm4Z6PNLSDIWf1WDimt3Fod2OQ==, ,https://d2o6x97a71876y.cloudfront.net/myvideo-milan.mp4,my content hosted on CloudFront,"{'Content-Type': 'video/mp4', 'Content-Length': '34082855', 'Connection': 'keep-alive', 'Last-Modified': 'Thu, 22 Jun 2023 19:56:09 GMT', 'x-amz-server-side-encryption': 'AES256', 'Accept-Ranges': 'bytes', 'Server': 'AmazonS3', 'Date': 'Thu, 22 Jun 2023 20:48:04 GMT', 'ETag': '""8ac8aa3c5414053de61f649fe776b0db-3""', 'Vary': 'Accept-Encoding', 'X-Cache': 'RefreshHit from cloudfront', 'Via': '1.1 fec5e83bcae9ab1295b776b3f64183d0.cloudfront.net (CloudFront)', 'X-Amz-Cf-Pop': 'ZRH55-P1', 'X-Amz-Cf-Id': '1OAkOEHXqZsbqlN5eYS7FscoVeolbm4Z6PNLSDIWf1WDimt3Fod2OQ=='}"
22-06-2023_22:48:05:959034,18.165.185.142,184.07299999999998, , , ,video/mp4,34082855,keep-alive,"Thu, 22 Jun 2023 20:48:07 GMT","Thu, 22 Jun 2023 19:56:09 GMT","""8ac8aa3c5414053de61f649fe776b0db-3""", ,AES256, , , ,bytes,AmazonS3, , , , ,RefreshHit from cloudfront,1.1 099d4ba9ace3ae96fa2a16ccfeeac6ec.cloudfront.net (CloudFront),ZRH55-P1,nak36o9PQmw2nIphH_B8Rw2Isna4o_JCOP9cCMT7Rc_YF7dY1fqIdg==, ,https://d2o6x97a71876y.cloudfront.net/myvideo-milan.mp4,my content hosted on CloudFront,"{'Content-Type': 'video/mp4', 'Content-Length': '34082855', 'Connection': 'keep-alive', 'Last-Modified': 'Thu, 22 Jun 2023 19:56:09 GMT', 'x-amz-server-side-encryption': 'AES256', 'Accept-Ranges': 'bytes', 'Server': 'AmazonS3', 'Date': 'Thu, 22 Jun 2023 20:48:07 GMT', 'ETag': '""8ac8aa3c5414053de61f649fe776b0db-3""', 'Vary': 'Accept-Encoding', 'X-Cache': 'RefreshHit from cloudfront', 'Via': '1.1 099d4ba9ace3ae96fa2a16ccfeeac6ec.cloudfront.net (CloudFront)', 'X-Amz-Cf-Pop': 'ZRH55-P1', 'X-Amz-Cf-Id': 'nak36o9PQmw2nIphH_B8Rw2Isna4o_JCOP9cCMT7Rc_YF7dY1fqIdg=='}"
22-06-2023_22:48:09:155439,18.165.185.142,194.53799999999998, , , ,video/mp4,34082855,keep-alive,"Thu, 22 Jun 2023 20:48:10 GMT","Thu, 22 Jun 2023 19:56:09 GMT","""8ac8aa3c5414053de61f649fe776b0db-3""", ,AES256, , , ,bytes,AmazonS3, , , , ,RefreshHit from cloudfront,1.1 fec5e83bcae9ab1295b776b3f64183d0.cloudfront.net (CloudFront),ZRH55-P1,LK9aiTQMv0-ih1jYqANqA-bunl87-MwQMCaNsQCfykMG4y15LCr-vA==, ,https://d2o6x97a71876y.cloudfront.net/myvideo-milan.mp4,my content hosted on CloudFront,"{'Content-Type': 'video/mp4', 'Content-Length': '34082855', 'Connection': 'keep-alive', 'Last-Modified': 'Thu, 22 Jun 2023 19:56:09 GMT', 'x-amz-server-side-encryption': 'AES256', 'Accept-Ranges': 'bytes', 'Server': 'AmazonS3', 'Date': 'Thu, 22 Jun 2023 20:48:10 GMT', 'ETag': '""8ac8aa3c5414053de61f649fe776b0db-3""', 'Vary': 'Accept-Encoding', 'X-Cache': 'RefreshHit from cloudfront', 'Via': '1.1 fec5e83bcae9ab1295b776b3f64183d0.cloudfront.net (CloudFront)', 'X-Amz-Cf-Pop': 'ZRH55-P1', 'X-Amz-Cf-Id': 'LK9aiTQMv0-ih1jYqANqA-bunl87-MwQMCaNsQCfykMG4y15LCr-vA=='}"
22-06-2023_22:48:12:361852,18.165.185.142,185.475, , , ,video/mp4,34082855,keep-alive,"Thu, 22 Jun 2023 20:48:13 GMT","Thu, 22 Jun 2023 19:56:09 GMT","""8ac8aa3c5414053de61f649fe776b0db-3""", ,AES256, , , ,bytes,AmazonS3, , , , ,RefreshHit from cloudfront,1.1 9c0ce977a13f3d9bbc6eed6540faf728.cloudfront.net (CloudFront),ZRH55-P1,mZ7tJL5_XR2EyauWZdZnEWKDEHT6MLiN1ObhLZaEmIB-Y541Kj9Dig==, ,https://d2o6x97a71876y.cloudfront.net/myvideo-milan.mp4,my content hosted on CloudFront,"{'Content-Type': 'video/mp4', 'Content-Length': '34082855', 'Connection': 'keep-alive', 'Last-Modified': 'Thu, 22 Jun 2023 19:56:09 GMT', 'x-amz-server-side-encryption': 'AES256', 'Accept-Ranges': 'bytes', 'Server': 'AmazonS3', 'Date': 'Thu, 22 Jun 2023 20:48:13 GMT', 'ETag': '""8ac8aa3c5414053de61f649fe776b0db-3""', 'Vary': 'Accept-Encoding', 'X-Cache': 'RefreshHit from cloudfront', 'Via': '1.1 9c0ce977a13f3d9bbc6eed6540faf728.cloudfront.net (CloudFront)', 'X-Amz-Cf-Pop': 'ZRH55-P1', 'X-Amz-Cf-Id': 'mZ7tJL5_XR2EyauWZdZnEWKDEHT6MLiN1ObhLZaEmIB-Y541Kj9Dig=='}"
