timestamp(dd-mm-yyyy hh:mm:ss:ms),responseIP,latency(ms),traceroute_ips,traceroute_hnames,hop count,Content-Type,Content-Length,Connection,Date,Last-Modified,ETag,x-amz-storage-class,x-amz-server-side-encryption,x-amz-meta-dv-checksum-sha-1,x-amz-meta-dv-checksum-md5,x-amz-meta-dv-checksum-sha-256,Accept-Ranges,Server,X-Server-IP,X-Server-IP_hops,X-Server-IP_hnames,X-Server-IP_hopcount,X-Cache,Via,X-Amz-Cf-Pop,X-Amz-Cf-Id,Age,url,info,reasponseHeaders
22-06-2023_15:26:42:533700,18.165.185.22,0.72091, , , ,video/mp4,34082855,keep-alive,"Thu, 22 Jun 2023 13:26:44 GMT","Thu, 22 Jun 2023 10:01:02 GMT","""8ac8aa3c5414053de61f649fe776b0db-3""", ,AES256, , , ,bytes,AmazonS3, , , , ,RefreshHit from cloudfront,1.1 e042bf1e56617a2fbe098f111a30b514.cloudfront.net (CloudFront),ZRH55-P1,fbxLWit4vZkDSeHwT_3AWb6Q7krrsXkMpTBgeOpSz1aQYGXBzu_M_g==, ,https://d2ujgmo1oihwsm.cloudfront.net/myvideo-california.mp4,my content hosted on CloudFront,"{'Content-Type': 'video/mp4', 'Content-Length': '34082855', 'Connection': 'keep-alive', 'Last-Modified': 'Thu, 22 Jun 2023 10:01:02 GMT', 'x-amz-server-side-encryption': 'AES256', 'Accept-Ranges': 'bytes', 'Server': 'AmazonS3', 'Date': 'Thu, 22 Jun 2023 13:26:44 GMT', 'ETag': '""8ac8aa3c5414053de61f649fe776b0db-3""', 'Vary': 'Accept-Encoding', 'X-Cache': 'RefreshHit from cloudfront', 'Via': '1.1 e042bf1e56617a2fbe098f111a30b514.cloudfront.net (CloudFront)', 'X-Amz-Cf-Pop': 'ZRH55-P1', 'X-Amz-Cf-Id': 'fbxLWit4vZkDSeHwT_3AWb6Q7krrsXkMpTBgeOpSz1aQYGXBzu_M_g=='}"
22-06-2023_15:26:53:299484,18.165.185.22,0.713262, , , ,video/mp4,34082855,keep-alive,"Thu, 22 Jun 2023 13:26:54 GMT","Thu, 22 Jun 2023 10:01:02 GMT","""8ac8aa3c5414053de61f649fe776b0db-3""", ,AES256, , , ,bytes,AmazonS3, , , , ,RefreshHit from cloudfront,1.1 ca6974974a9175b71fb6a84145111ed2.cloudfront.net (CloudFront),ZRH55-P1,P6SNJotTdm8LMLP9xA2RDirG0oeVNoS2AjLAiUh9U1OCc-qaQW7w6w==, ,https://d2ujgmo1oihwsm.cloudfront.net/myvideo-california.mp4,my content hosted on CloudFront,"{'Content-Type': 'video/mp4', 'Content-Length': '34082855', 'Connection': 'keep-alive', 'Last-Modified': 'Thu, 22 Jun 2023 10:01:02 GMT', 'x-amz-server-side-encryption': 'AES256', 'Accept-Ranges': 'bytes', 'Server': 'AmazonS3', 'Date': 'Thu, 22 Jun 2023 13:26:54 GMT', 'ETag': '""8ac8aa3c5414053de61f649fe776b0db-3""', 'Vary': 'Accept-Encoding', 'X-Cache': 'RefreshHit from cloudfront', 'Via': '1.1 ca6974974a9175b71fb6a84145111ed2.cloudfront.net (CloudFront)', 'X-Amz-Cf-Pop': 'ZRH55-P1', 'X-Amz-Cf-Id': 'P6SNJotTdm8LMLP9xA2RDirG0oeVNoS2AjLAiUh9U1OCc-qaQW7w6w=='}"
22-06-2023_15:27:04:032473,18.165.185.22,0.704471, , , ,video/mp4,34082855,keep-alive,"Thu, 22 Jun 2023 13:27:05 GMT","Thu, 22 Jun 2023 10:01:02 GMT","""8ac8aa3c5414053de61f649fe776b0db-3""", ,AES256, , , ,bytes,AmazonS3, , , , ,RefreshHit from cloudfront,1.1 49039a44484a184312d8f608c205b640.cloudfront.net (CloudFront),ZRH55-P1,ygTaPY9UCzrXtLjMHEzg2RtsF1OHdWP4C0uFn6CcB2vjQS9cloH_fg==, ,https://d2ujgmo1oihwsm.cloudfront.net/myvideo-california.mp4,my content hosted on CloudFront,"{'Content-Type': 'video/mp4', 'Content-Length': '34082855', 'Connection': 'keep-alive', 'Last-Modified': 'Thu, 22 Jun 2023 10:01:02 GMT', 'x-amz-server-side-encryption': 'AES256', 'Accept-Ranges': 'bytes', 'Server': 'AmazonS3', 'Date': 'Thu, 22 Jun 2023 13:27:05 GMT', 'ETag': '""8ac8aa3c5414053de61f649fe776b0db-3""', 'Vary': 'Accept-Encoding', 'X-Cache': 'RefreshHit from cloudfront', 'Via': '1.1 49039a44484a184312d8f608c205b640.cloudfront.net (CloudFront)', 'X-Amz-Cf-Pop': 'ZRH55-P1', 'X-Amz-Cf-Id': 'ygTaPY9UCzrXtLjMHEzg2RtsF1OHdWP4C0uFn6CcB2vjQS9cloH_fg=='}"
22-06-2023_15:27:14:772803,18.165.185.22,0.707321, , , ,video/mp4,34082855,keep-alive,"Thu, 22 Jun 2023 13:27:16 GMT","Thu, 22 Jun 2023 10:01:02 GMT","""8ac8aa3c5414053de61f649fe776b0db-3""", ,AES256, , , ,bytes,AmazonS3, , , , ,RefreshHit from cloudfront,1.1 20e88007b6f5218ef5942bc3581c73b8.cloudfront.net (CloudFront),ZRH55-P1,FvOaPxjjOHQ3B1jU0b6Szx6HQ1eyxJGtBvyaDIGXlCPmYqRanD6q3A==, ,https://d2ujgmo1oihwsm.cloudfront.net/myvideo-california.mp4,my content hosted on CloudFront,"{'Content-Type': 'video/mp4', 'Content-Length': '34082855', 'Connection': 'keep-alive', 'Last-Modified': 'Thu, 22 Jun 2023 10:01:02 GMT', 'x-amz-server-side-encryption': 'AES256', 'Accept-Ranges': 'bytes', 'Server': 'AmazonS3', 'Date': 'Thu, 22 Jun 2023 13:27:16 GMT', 'ETag': '""8ac8aa3c5414053de61f649fe776b0db-3""', 'Vary': 'Accept-Encoding', 'X-Cache': 'RefreshHit from cloudfront', 'Via': '1.1 20e88007b6f5218ef5942bc3581c73b8.cloudfront.net (CloudFront)', 'X-Amz-Cf-Pop': 'ZRH55-P1', 'X-Amz-Cf-Id': 'FvOaPxjjOHQ3B1jU0b6Szx6HQ1eyxJGtBvyaDIGXlCPmYqRanD6q3A=='}"
22-06-2023_15:27:25:491257,18.165.185.22,0.710559, , , ,video/mp4,34082855,keep-alive,"Thu, 22 Jun 2023 13:27:27 GMT","Thu, 22 Jun 2023 10:01:02 GMT","""8ac8aa3c5414053de61f649fe776b0db-3""", ,AES256, , , ,bytes,AmazonS3, , , , ,RefreshHit from cloudfront,1.1 c7311454ce938e04f3523616a5b033da.cloudfront.net (CloudFront),ZRH55-P1,wEcQV_6lkF3kjdtgV-GXXrHBtzFBOTxvR2EnAGiKWxqXZfQsn26cQw==, ,https://d2ujgmo1oihwsm.cloudfront.net/myvideo-california.mp4,my content hosted on CloudFront,"{'Content-Type': 'video/mp4', 'Content-Length': '34082855', 'Connection': 'keep-alive', 'Last-Modified': 'Thu, 22 Jun 2023 10:01:02 GMT', 'x-amz-server-side-encryption': 'AES256', 'Accept-Ranges': 'bytes', 'Server': 'AmazonS3', 'Date': 'Thu, 22 Jun 2023 13:27:27 GMT', 'ETag': '""8ac8aa3c5414053de61f649fe776b0db-3""', 'Vary': 'Accept-Encoding', 'X-Cache': 'RefreshHit from cloudfront', 'Via': '1.1 c7311454ce938e04f3523616a5b033da.cloudfront.net (CloudFront)', 'X-Amz-Cf-Pop': 'ZRH55-P1', 'X-Amz-Cf-Id': 'wEcQV_6lkF3kjdtgV-GXXrHBtzFBOTxvR2EnAGiKWxqXZfQsn26cQw=='}"
22-06-2023_15:27:36:212549,18.165.185.22,0.731148, , , ,video/mp4,34082855,keep-alive,"Thu, 22 Jun 2023 13:27:37 GMT","Thu, 22 Jun 2023 10:01:02 GMT","""8ac8aa3c5414053de61f649fe776b0db-3""", ,AES256, , , ,bytes,AmazonS3, , , , ,RefreshHit from cloudfront,1.1 3d994808da6a9ce8c9e7b1364fa689ea.cloudfront.net (CloudFront),ZRH55-P1,9Gv11sJAub7IBEZZcvnFRGTTjcmoCa2wzk7IxP8X71ksaU_6TgiZ9A==, ,https://d2ujgmo1oihwsm.cloudfront.net/myvideo-california.mp4,my content hosted on CloudFront,"{'Content-Type': 'video/mp4', 'Content-Length': '34082855', 'Connection': 'keep-alive', 'Last-Modified': 'Thu, 22 Jun 2023 10:01:02 GMT', 'x-amz-server-side-encryption': 'AES256', 'Accept-Ranges': 'bytes', 'Server': 'AmazonS3', 'Date': 'Thu, 22 Jun 2023 13:27:37 GMT', 'ETag': '""8ac8aa3c5414053de61f649fe776b0db-3""', 'Vary': 'Accept-Encoding', 'X-Cache': 'RefreshHit from cloudfront', 'Via': '1.1 3d994808da6a9ce8c9e7b1364fa689ea.cloudfront.net (CloudFront)', 'X-Amz-Cf-Pop': 'ZRH55-P1', 'X-Amz-Cf-Id': '9Gv11sJAub7IBEZZcvnFRGTTjcmoCa2wzk7IxP8X71ksaU_6TgiZ9A=='}"
22-06-2023_15:27:46:951642,18.165.185.22,0.716863, , , ,video/mp4,34082855,keep-alive,"Thu, 22 Jun 2023 13:27:48 GMT","Thu, 22 Jun 2023 10:01:02 GMT","""8ac8aa3c5414053de61f649fe776b0db-3""", ,AES256, , , ,bytes,AmazonS3, , , , ,RefreshHit from cloudfront,1.1 841da31399fe7f7e7065c840a22fae0a.cloudfront.net (CloudFront),ZRH55-P1,Rl391kpnTlm5UoJFyyy1Flqnpa31HxHDvec4pWDELtVoWRuPrDBayA==, ,https://d2ujgmo1oihwsm.cloudfront.net/myvideo-california.mp4,my content hosted on CloudFront,"{'Content-Type': 'video/mp4', 'Content-Length': '34082855', 'Connection': 'keep-alive', 'Last-Modified': 'Thu, 22 Jun 2023 10:01:02 GMT', 'x-amz-server-side-encryption': 'AES256', 'Accept-Ranges': 'bytes', 'Server': 'AmazonS3', 'Date': 'Thu, 22 Jun 2023 13:27:48 GMT', 'ETag': '""8ac8aa3c5414053de61f649fe776b0db-3""', 'Vary': 'Accept-Encoding', 'X-Cache': 'RefreshHit from cloudfront', 'Via': '1.1 841da31399fe7f7e7065c840a22fae0a.cloudfront.net (CloudFront)', 'X-Amz-Cf-Pop': 'ZRH55-P1', 'X-Amz-Cf-Id': 'Rl391kpnTlm5UoJFyyy1Flqnpa31HxHDvec4pWDELtVoWRuPrDBayA=='}"
22-06-2023_15:27:57:678723,18.165.185.22,0.712642, , , ,video/mp4,34082855,keep-alive,"Thu, 22 Jun 2023 13:27:59 GMT","Thu, 22 Jun 2023 10:01:02 GMT","""8ac8aa3c5414053de61f649fe776b0db-3""", ,AES256, , , ,bytes,AmazonS3, , , , ,RefreshHit from cloudfront,1.1 2177a1d449a3e8dc7269040f15d81cb0.cloudfront.net (CloudFront),ZRH55-P1,8_8DAozZYyiZGTdOahYRml5X7dwQhxALqgMfw7hKo0a9PMFrk3CbZQ==, ,https://d2ujgmo1oihwsm.cloudfront.net/myvideo-california.mp4,my content hosted on CloudFront,"{'Content-Type': 'video/mp4', 'Content-Length': '34082855', 'Connection': 'keep-alive', 'Last-Modified': 'Thu, 22 Jun 2023 10:01:02 GMT', 'x-amz-server-side-encryption': 'AES256', 'Accept-Ranges': 'bytes', 'Server': 'AmazonS3', 'Date': 'Thu, 22 Jun 2023 13:27:59 GMT', 'ETag': '""8ac8aa3c5414053de61f649fe776b0db-3""', 'Vary': 'Accept-Encoding', 'X-Cache': 'RefreshHit from cloudfront', 'Via': '1.1 2177a1d449a3e8dc7269040f15d81cb0.cloudfront.net (CloudFront)', 'X-Amz-Cf-Pop': 'ZRH55-P1', 'X-Amz-Cf-Id': '8_8DAozZYyiZGTdOahYRml5X7dwQhxALqgMfw7hKo0a9PMFrk3CbZQ=='}"
22-06-2023_15:28:08:403071,18.165.185.22,0.709732, , , ,video/mp4,34082855,keep-alive,"Thu, 22 Jun 2023 13:28:10 GMT","Thu, 22 Jun 2023 10:01:02 GMT","""8ac8aa3c5414053de61f649fe776b0db-3""", ,AES256, , , ,bytes,AmazonS3, , , , ,RefreshHit from cloudfront,1.1 9f25aa45df27e50f380232059fde4c1a.cloudfront.net (CloudFront),ZRH55-P1,dfjNF_XK2oeQaGC0nfA4cT403ui3ty7Tj4o72sd6-pmtvmhohY6ybg==, ,https://d2ujgmo1oihwsm.cloudfront.net/myvideo-california.mp4,my content hosted on CloudFront,"{'Content-Type': 'video/mp4', 'Content-Length': '34082855', 'Connection': 'keep-alive', 'Last-Modified': 'Thu, 22 Jun 2023 10:01:02 GMT', 'x-amz-server-side-encryption': 'AES256', 'Accept-Ranges': 'bytes', 'Server': 'AmazonS3', 'Date': 'Thu, 22 Jun 2023 13:28:10 GMT', 'ETag': '""8ac8aa3c5414053de61f649fe776b0db-3""', 'Vary': 'Accept-Encoding', 'X-Cache': 'RefreshHit from cloudfront', 'Via': '1.1 9f25aa45df27e50f380232059fde4c1a.cloudfront.net (CloudFront)', 'X-Amz-Cf-Pop': 'ZRH55-P1', 'X-Amz-Cf-Id': 'dfjNF_XK2oeQaGC0nfA4cT403ui3ty7Tj4o72sd6-pmtvmhohY6ybg=='}"
22-06-2023_15:28:19:135236,18.165.185.22,0.70741, , , ,video/mp4,34082855,keep-alive,"Thu, 22 Jun 2023 13:28:20 GMT","Thu, 22 Jun 2023 10:01:02 GMT","""8ac8aa3c5414053de61f649fe776b0db-3""", ,AES256, , , ,bytes,AmazonS3, , , , ,RefreshHit from cloudfront,1.1 2177a1d449a3e8dc7269040f15d81cb0.cloudfront.net (CloudFront),ZRH55-P1,RXfJQ6-FcF8yv8vco9gqOe1l9HQe1y0a98wUzW7GdZ8V-Qn6Jsi2Eg==, ,https://d2ujgmo1oihwsm.cloudfront.net/myvideo-california.mp4,my content hosted on CloudFront,"{'Content-Type': 'video/mp4', 'Content-Length': '34082855', 'Connection': 'keep-alive', 'Last-Modified': 'Thu, 22 Jun 2023 10:01:02 GMT', 'x-amz-server-side-encryption': 'AES256', 'Accept-Ranges': 'bytes', 'Server': 'AmazonS3', 'Date': 'Thu, 22 Jun 2023 13:28:20 GMT', 'ETag': '""8ac8aa3c5414053de61f649fe776b0db-3""', 'Vary': 'Accept-Encoding', 'X-Cache': 'RefreshHit from cloudfront', 'Via': '1.1 2177a1d449a3e8dc7269040f15d81cb0.cloudfront.net (CloudFront)', 'X-Amz-Cf-Pop': 'ZRH55-P1', 'X-Amz-Cf-Id': 'RXfJQ6-FcF8yv8vco9gqOe1l9HQe1y0a98wUzW7GdZ8V-Qn6Jsi2Eg=='}"
22-06-2023_15:28:29:852803,18.165.185.22,0.715408, , , ,video/mp4,34082855,keep-alive,"Thu, 22 Jun 2023 13:28:31 GMT","Thu, 22 Jun 2023 10:01:02 GMT","""8ac8aa3c5414053de61f649fe776b0db-3""", ,AES256, , , ,bytes,AmazonS3, , , , ,RefreshHit from cloudfront,1.1 d75d7156b5e1833582c3070298720664.cloudfront.net (CloudFront),ZRH55-P1,vNR5Td-PTuWtXaVWM6CPmezV8YUNzc-wtnR_9elYmHUdWd81uHyF-A==, ,https://d2ujgmo1oihwsm.cloudfront.net/myvideo-california.mp4,my content hosted on CloudFront,"{'Content-Type': 'video/mp4', 'Content-Length': '34082855', 'Connection': 'keep-alive', 'Last-Modified': 'Thu, 22 Jun 2023 10:01:02 GMT', 'x-amz-server-side-encryption': 'AES256', 'Accept-Ranges': 'bytes', 'Server': 'AmazonS3', 'Date': 'Thu, 22 Jun 2023 13:28:31 GMT', 'ETag': '""8ac8aa3c5414053de61f649fe776b0db-3""', 'Vary': 'Accept-Encoding', 'X-Cache': 'RefreshHit from cloudfront', 'Via': '1.1 d75d7156b5e1833582c3070298720664.cloudfront.net (CloudFront)', 'X-Amz-Cf-Pop': 'ZRH55-P1', 'X-Amz-Cf-Id': 'vNR5Td-PTuWtXaVWM6CPmezV8YUNzc-wtnR_9elYmHUdWd81uHyF-A=='}"
22-06-2023_15:28:40:578902,18.165.185.22,0.708676, , , ,video/mp4,34082855,keep-alive,"Thu, 22 Jun 2023 13:28:42 GMT","Thu, 22 Jun 2023 10:01:02 GMT","""8ac8aa3c5414053de61f649fe776b0db-3""", ,AES256, , , ,bytes,AmazonS3, , , , ,RefreshHit from cloudfront,1.1 9defe0d67603d45217a1199d0f877384.cloudfront.net (CloudFront),ZRH55-P1,PhFTD8DfhecAcPDK2Aj5rf6EbRCXAtma9DrM3BcHssltg5xA80Iqjg==, ,https://d2ujgmo1oihwsm.cloudfront.net/myvideo-california.mp4,my content hosted on CloudFront,"{'Content-Type': 'video/mp4', 'Content-Length': '34082855', 'Connection': 'keep-alive', 'Last-Modified': 'Thu, 22 Jun 2023 10:01:02 GMT', 'x-amz-server-side-encryption': 'AES256', 'Accept-Ranges': 'bytes', 'Server': 'AmazonS3', 'Date': 'Thu, 22 Jun 2023 13:28:42 GMT', 'ETag': '""8ac8aa3c5414053de61f649fe776b0db-3""', 'Vary': 'Accept-Encoding', 'X-Cache': 'RefreshHit from cloudfront', 'Via': '1.1 9defe0d67603d45217a1199d0f877384.cloudfront.net (CloudFront)', 'X-Amz-Cf-Pop': 'ZRH55-P1', 'X-Amz-Cf-Id': 'PhFTD8DfhecAcPDK2Aj5rf6EbRCXAtma9DrM3BcHssltg5xA80Iqjg=='}"
22-06-2023_15:28:51:296616,18.165.185.22,0.713509, , , ,video/mp4,34082855,keep-alive,"Thu, 22 Jun 2023 13:28:52 GMT","Thu, 22 Jun 2023 10:01:02 GMT","""8ac8aa3c5414053de61f649fe776b0db-3""", ,AES256, , , ,bytes,AmazonS3, , , , ,RefreshHit from cloudfront,1.1 9defe0d67603d45217a1199d0f877384.cloudfront.net (CloudFront),ZRH55-P1,cPZ1PrYi7OoU1kMA0m2ZtF6IDV-j-LVroGAAubC_5J72OgBdCWfRDw==, ,https://d2ujgmo1oihwsm.cloudfront.net/myvideo-california.mp4,my content hosted on CloudFront,"{'Content-Type': 'video/mp4', 'Content-Length': '34082855', 'Connection': 'keep-alive', 'Last-Modified': 'Thu, 22 Jun 2023 10:01:02 GMT', 'x-amz-server-side-encryption': 'AES256', 'Accept-Ranges': 'bytes', 'Server': 'AmazonS3', 'Date': 'Thu, 22 Jun 2023 13:28:52 GMT', 'ETag': '""8ac8aa3c5414053de61f649fe776b0db-3""', 'Vary': 'Accept-Encoding', 'X-Cache': 'RefreshHit from cloudfront', 'Via': '1.1 9defe0d67603d45217a1199d0f877384.cloudfront.net (CloudFront)', 'X-Amz-Cf-Pop': 'ZRH55-P1', 'X-Amz-Cf-Id': 'cPZ1PrYi7OoU1kMA0m2ZtF6IDV-j-LVroGAAubC_5J72OgBdCWfRDw=='}"
22-06-2023_15:29:02:017995,18.165.185.22,0.711516, , , ,video/mp4,34082855,keep-alive,"Thu, 22 Jun 2023 13:29:03 GMT","Thu, 22 Jun 2023 10:01:02 GMT","""8ac8aa3c5414053de61f649fe776b0db-3""", ,AES256, , , ,bytes,AmazonS3, , , , ,RefreshHit from cloudfront,1.1 478446fb4d72a1fd99b9a7a5157265f4.cloudfront.net (CloudFront),ZRH55-P1,D3c2BGo_PBeU1cPP3cYypafaiXhr4_GsduLrMRQlcrRWR6mHxGFacg==, ,https://d2ujgmo1oihwsm.cloudfront.net/myvideo-california.mp4,my content hosted on CloudFront,"{'Content-Type': 'video/mp4', 'Content-Length': '34082855', 'Connection': 'keep-alive', 'Last-Modified': 'Thu, 22 Jun 2023 10:01:02 GMT', 'x-amz-server-side-encryption': 'AES256', 'Accept-Ranges': 'bytes', 'Server': 'AmazonS3', 'Date': 'Thu, 22 Jun 2023 13:29:03 GMT', 'ETag': '""8ac8aa3c5414053de61f649fe776b0db-3""', 'Vary': 'Accept-Encoding', 'X-Cache': 'RefreshHit from cloudfront', 'Via': '1.1 478446fb4d72a1fd99b9a7a5157265f4.cloudfront.net (CloudFront)', 'X-Amz-Cf-Pop': 'ZRH55-P1', 'X-Amz-Cf-Id': 'D3c2BGo_PBeU1cPP3cYypafaiXhr4_GsduLrMRQlcrRWR6mHxGFacg=='}"
22-06-2023_15:29:12:745282,18.165.185.22,0.719235, , , ,video/mp4,34082855,keep-alive,"Thu, 22 Jun 2023 13:29:14 GMT","Thu, 22 Jun 2023 10:01:02 GMT","""8ac8aa3c5414053de61f649fe776b0db-3""", ,AES256, , , ,bytes,AmazonS3, , , , ,RefreshHit from cloudfront,1.1 478446fb4d72a1fd99b9a7a5157265f4.cloudfront.net (CloudFront),ZRH55-P1,kwfiRoAHkrgdkhK04uLAB9p_IO4v6zjNOoOR7LV_TTWS9_0N21Vdlw==, ,https://d2ujgmo1oihwsm.cloudfront.net/myvideo-california.mp4,my content hosted on CloudFront,"{'Content-Type': 'video/mp4', 'Content-Length': '34082855', 'Connection': 'keep-alive', 'Last-Modified': 'Thu, 22 Jun 2023 10:01:02 GMT', 'x-amz-server-side-encryption': 'AES256', 'Accept-Ranges': 'bytes', 'Server': 'AmazonS3', 'Date': 'Thu, 22 Jun 2023 13:29:14 GMT', 'ETag': '""8ac8aa3c5414053de61f649fe776b0db-3""', 'Vary': 'Accept-Encoding', 'X-Cache': 'RefreshHit from cloudfront', 'Via': '1.1 478446fb4d72a1fd99b9a7a5157265f4.cloudfront.net (CloudFront)', 'X-Amz-Cf-Pop': 'ZRH55-P1', 'X-Amz-Cf-Id': 'kwfiRoAHkrgdkhK04uLAB9p_IO4v6zjNOoOR7LV_TTWS9_0N21Vdlw=='}"
22-06-2023_15:29:23:473343,18.165.185.163,0.714596, , , ,video/mp4,34082855,keep-alive,"Thu, 22 Jun 2023 13:29:25 GMT","Thu, 22 Jun 2023 10:01:02 GMT","""8ac8aa3c5414053de61f649fe776b0db-3""", ,AES256, , , ,bytes,AmazonS3, , , , ,RefreshHit from cloudfront,1.1 841da31399fe7f7e7065c840a22fae0a.cloudfront.net (CloudFront),ZRH55-P1,2H6c_e_Ko7uSEanGrcBvVm4SNCIRDiqmcL2FpUtb2KtaWDCcabg6ag==, ,https://d2ujgmo1oihwsm.cloudfront.net/myvideo-california.mp4,my content hosted on CloudFront,"{'Content-Type': 'video/mp4', 'Content-Length': '34082855', 'Connection': 'keep-alive', 'Last-Modified': 'Thu, 22 Jun 2023 10:01:02 GMT', 'x-amz-server-side-encryption': 'AES256', 'Accept-Ranges': 'bytes', 'Server': 'AmazonS3', 'Date': 'Thu, 22 Jun 2023 13:29:25 GMT', 'ETag': '""8ac8aa3c5414053de61f649fe776b0db-3""', 'Vary': 'Accept-Encoding', 'X-Cache': 'RefreshHit from cloudfront', 'Via': '1.1 841da31399fe7f7e7065c840a22fae0a.cloudfront.net (CloudFront)', 'X-Amz-Cf-Pop': 'ZRH55-P1', 'X-Amz-Cf-Id': '2H6c_e_Ko7uSEanGrcBvVm4SNCIRDiqmcL2FpUtb2KtaWDCcabg6ag=='}"
22-06-2023_15:29:34:201337,18.165.185.163,0.721515, , , ,video/mp4,34082855,keep-alive,"Thu, 22 Jun 2023 13:29:35 GMT","Thu, 22 Jun 2023 10:01:02 GMT","""8ac8aa3c5414053de61f649fe776b0db-3""", ,AES256, , , ,bytes,AmazonS3, , , , ,RefreshHit from cloudfront,1.1 d75d7156b5e1833582c3070298720664.cloudfront.net (CloudFront),ZRH55-P1,PRtI4ykrrqvTU0lWM_AyMPW-kltjfNcLD1WkBDJRCQA-ekwgiLaGSQ==, ,https://d2ujgmo1oihwsm.cloudfront.net/myvideo-california.mp4,my content hosted on CloudFront,"{'Content-Type': 'video/mp4', 'Content-Length': '34082855', 'Connection': 'keep-alive', 'Last-Modified': 'Thu, 22 Jun 2023 10:01:02 GMT', 'x-amz-server-side-encryption': 'AES256', 'Accept-Ranges': 'bytes', 'Server': 'AmazonS3', 'Date': 'Thu, 22 Jun 2023 13:29:35 GMT', 'ETag': '""8ac8aa3c5414053de61f649fe776b0db-3""', 'Vary': 'Accept-Encoding', 'X-Cache': 'RefreshHit from cloudfront', 'Via': '1.1 d75d7156b5e1833582c3070298720664.cloudfront.net (CloudFront)', 'X-Amz-Cf-Pop': 'ZRH55-P1', 'X-Amz-Cf-Id': 'PRtI4ykrrqvTU0lWM_AyMPW-kltjfNcLD1WkBDJRCQA-ekwgiLaGSQ=='}"
