timestamp(dd-mm-yyyy hh:mm:ss:ms),responseIP,latency(ms),traceroute_ips,traceroute_hnames,hop count,Content-Type,Content-Length,Connection,Date,Last-Modified,ETag,x-amz-storage-class,x-amz-server-side-encryption,x-amz-meta-dv-checksum-sha-1,x-amz-meta-dv-checksum-md5,x-amz-meta-dv-checksum-sha-256,Accept-Ranges,Server,X-Server-IP,X-Server-IP_hops,X-Server-IP_hnames,X-Server-IP_hopcount,X-Cache,Via,X-Amz-Cf-Pop,X-Amz-Cf-Id,Age,url,info,reasponseHeaders
22-06-2023_15:26:42:534175,18.165.185.67,0.729201, , , ,video/mp4,34082855,keep-alive,"Thu, 22 Jun 2023 13:26:44 GMT","Thu, 22 Jun 2023 10:01:02 GMT","""8ac8aa3c5414053de61f649fe776b0db-3""", ,AES256, , , ,bytes,AmazonS3, , , , ,RefreshHit from cloudfront,1.1 4aab94d467900146bd910265f6087b8e.cloudfront.net (CloudFront),ZRH55-P1,0WB8mLpfJPltlVELIhUvFt3cZctqcUil07Y9zywgOK2tY42zB5WjFw==, ,https://d36mvgiamk5bf0.cloudfront.net/myvideo-california.mp4,my content hosted on CloudFront,"{'Content-Type': 'video/mp4', 'Content-Length': '34082855', 'Connection': 'keep-alive', 'Last-Modified': 'Thu, 22 Jun 2023 10:01:02 GMT', 'x-amz-server-side-encryption': 'AES256', 'Accept-Ranges': 'bytes', 'Server': 'AmazonS3', 'Date': 'Thu, 22 Jun 2023 13:26:44 GMT', 'ETag': '""8ac8aa3c5414053de61f649fe776b0db-3""', 'Vary': 'Accept-Encoding', 'X-Cache': 'RefreshHit from cloudfront', 'Via': '1.1 4aab94d467900146bd910265f6087b8e.cloudfront.net (CloudFront)', 'X-Amz-Cf-Pop': 'ZRH55-P1', 'X-Amz-Cf-Id': '0WB8mLpfJPltlVELIhUvFt3cZctqcUil07Y9zywgOK2tY42zB5WjFw=='}"
22-06-2023_15:26:53:300756,18.165.185.67,0.70797, , , ,video/mp4,34082855,keep-alive,"Thu, 22 Jun 2023 13:26:54 GMT","Thu, 22 Jun 2023 10:01:02 GMT","""8ac8aa3c5414053de61f649fe776b0db-3""", ,AES256, , , ,bytes,AmazonS3, , , , ,RefreshHit from cloudfront,1.1 b50b0f4274b74414c7dcdb544e6090a2.cloudfront.net (CloudFront),ZRH55-P1,Gc7u2FZGOtbVksvjjTcvfWjcK8NsMrw0w0CMB174ocbTvdlzSzCO_w==, ,https://d36mvgiamk5bf0.cloudfront.net/myvideo-california.mp4,my content hosted on CloudFront,"{'Content-Type': 'video/mp4', 'Content-Length': '34082855', 'Connection': 'keep-alive', 'Last-Modified': 'Thu, 22 Jun 2023 10:01:02 GMT', 'x-amz-server-side-encryption': 'AES256', 'Accept-Ranges': 'bytes', 'Server': 'AmazonS3', 'Date': 'Thu, 22 Jun 2023 13:26:54 GMT', 'ETag': '""8ac8aa3c5414053de61f649fe776b0db-3""', 'Vary': 'Accept-Encoding', 'X-Cache': 'RefreshHit from cloudfront', 'Via': '1.1 b50b0f4274b74414c7dcdb544e6090a2.cloudfront.net (CloudFront)', 'X-Amz-Cf-Pop': 'ZRH55-P1', 'X-Amz-Cf-Id': 'Gc7u2FZGOtbVksvjjTcvfWjcK8NsMrw0w0CMB174ocbTvdlzSzCO_w=='}"
22-06-2023_15:27:04:032794,18.165.185.67,0.729056, , , ,video/mp4,34082855,keep-alive,"Thu, 22 Jun 2023 13:27:05 GMT","Thu, 22 Jun 2023 10:01:02 GMT","""8ac8aa3c5414053de61f649fe776b0db-3""", ,AES256, , , ,bytes,AmazonS3, , , , ,RefreshHit from cloudfront,1.1 2bb98457c96f801517f8d0d98344cd3c.cloudfront.net (CloudFront),ZRH55-P1,DAkGs0aeNPiLCNJ8MH8yrmTGOGI_Y7_7kqxP9Z-5AJ3oK1yWrRyWZw==, ,https://d36mvgiamk5bf0.cloudfront.net/myvideo-california.mp4,my content hosted on CloudFront,"{'Content-Type': 'video/mp4', 'Content-Length': '34082855', 'Connection': 'keep-alive', 'Last-Modified': 'Thu, 22 Jun 2023 10:01:02 GMT', 'x-amz-server-side-encryption': 'AES256', 'Accept-Ranges': 'bytes', 'Server': 'AmazonS3', 'Date': 'Thu, 22 Jun 2023 13:27:05 GMT', 'ETag': '""8ac8aa3c5414053de61f649fe776b0db-3""', 'Vary': 'Accept-Encoding', 'X-Cache': 'RefreshHit from cloudfront', 'Via': '1.1 2bb98457c96f801517f8d0d98344cd3c.cloudfront.net (CloudFront)', 'X-Amz-Cf-Pop': 'ZRH55-P1', 'X-Amz-Cf-Id': 'DAkGs0aeNPiLCNJ8MH8yrmTGOGI_Y7_7kqxP9Z-5AJ3oK1yWrRyWZw=='}"
22-06-2023_15:27:14:774177,18.165.185.67,0.710626, , , ,video/mp4,34082855,keep-alive,"Thu, 22 Jun 2023 13:27:16 GMT","Thu, 22 Jun 2023 10:01:02 GMT","""8ac8aa3c5414053de61f649fe776b0db-3""", ,AES256, , , ,bytes,AmazonS3, , , , ,RefreshHit from cloudfront,1.1 ca6974974a9175b71fb6a84145111ed2.cloudfront.net (CloudFront),ZRH55-P1,peFQ5HYoT_iCXCpiSd0S6FCj2_hKxivbsMpj0Mo7N4sgSb4w6xdyJA==, ,https://d36mvgiamk5bf0.cloudfront.net/myvideo-california.mp4,my content hosted on CloudFront,"{'Content-Type': 'video/mp4', 'Content-Length': '34082855', 'Connection': 'keep-alive', 'Last-Modified': 'Thu, 22 Jun 2023 10:01:02 GMT', 'x-amz-server-side-encryption': 'AES256', 'Accept-Ranges': 'bytes', 'Server': 'AmazonS3', 'Date': 'Thu, 22 Jun 2023 13:27:16 GMT', 'ETag': '""8ac8aa3c5414053de61f649fe776b0db-3""', 'Vary': 'Accept-Encoding', 'X-Cache': 'RefreshHit from cloudfront', 'Via': '1.1 ca6974974a9175b71fb6a84145111ed2.cloudfront.net (CloudFront)', 'X-Amz-Cf-Pop': 'ZRH55-P1', 'X-Amz-Cf-Id': 'peFQ5HYoT_iCXCpiSd0S6FCj2_hKxivbsMpj0Mo7N4sgSb4w6xdyJA=='}"
22-06-2023_15:27:25:492675,18.165.185.67,0.712532, , , ,video/mp4,34082855,keep-alive,"Thu, 22 Jun 2023 13:27:27 GMT","Thu, 22 Jun 2023 10:01:02 GMT","""8ac8aa3c5414053de61f649fe776b0db-3""", ,AES256, , , ,bytes,AmazonS3, , , , ,RefreshHit from cloudfront,1.1 f6d3d027dc70c7291c2f685efb187ab2.cloudfront.net (CloudFront),ZRH55-P1,ps72pltw4xNUUmmkHWOUBdvlK3I5kuCavPKQdhBQ_DHbbtnJKdBQwQ==, ,https://d36mvgiamk5bf0.cloudfront.net/myvideo-california.mp4,my content hosted on CloudFront,"{'Content-Type': 'video/mp4', 'Content-Length': '34082855', 'Connection': 'keep-alive', 'Last-Modified': 'Thu, 22 Jun 2023 10:01:02 GMT', 'x-amz-server-side-encryption': 'AES256', 'Accept-Ranges': 'bytes', 'Server': 'AmazonS3', 'Date': 'Thu, 22 Jun 2023 13:27:27 GMT', 'ETag': '""8ac8aa3c5414053de61f649fe776b0db-3""', 'Vary': 'Accept-Encoding', 'X-Cache': 'RefreshHit from cloudfront', 'Via': '1.1 f6d3d027dc70c7291c2f685efb187ab2.cloudfront.net (CloudFront)', 'X-Amz-Cf-Pop': 'ZRH55-P1', 'X-Amz-Cf-Id': 'ps72pltw4xNUUmmkHWOUBdvlK3I5kuCavPKQdhBQ_DHbbtnJKdBQwQ=='}"
22-06-2023_15:27:36:213073,18.165.185.67,0.72546, , , ,video/mp4,34082855,keep-alive,"Thu, 22 Jun 2023 13:27:37 GMT","Thu, 22 Jun 2023 10:01:02 GMT","""8ac8aa3c5414053de61f649fe776b0db-3""", ,AES256, , , ,bytes,AmazonS3, , , , ,RefreshHit from cloudfront,1.1 a9717fb92179a05f5da85fabc586e750.cloudfront.net (CloudFront),ZRH55-P1,UV__-FtWXSo7hC7rZbx2Mu3v65jyoqQbXUNbjE_0iR4n3RNv9rJvXA==, ,https://d36mvgiamk5bf0.cloudfront.net/myvideo-california.mp4,my content hosted on CloudFront,"{'Content-Type': 'video/mp4', 'Content-Length': '34082855', 'Connection': 'keep-alive', 'Last-Modified': 'Thu, 22 Jun 2023 10:01:02 GMT', 'x-amz-server-side-encryption': 'AES256', 'Accept-Ranges': 'bytes', 'Server': 'AmazonS3', 'Date': 'Thu, 22 Jun 2023 13:27:37 GMT', 'ETag': '""8ac8aa3c5414053de61f649fe776b0db-3""', 'Vary': 'Accept-Encoding', 'X-Cache': 'RefreshHit from cloudfront', 'Via': '1.1 a9717fb92179a05f5da85fabc586e750.cloudfront.net (CloudFront)', 'X-Amz-Cf-Pop': 'ZRH55-P1', 'X-Amz-Cf-Id': 'UV__-FtWXSo7hC7rZbx2Mu3v65jyoqQbXUNbjE_0iR4n3RNv9rJvXA=='}"
22-06-2023_15:27:46:952910,18.165.185.67,0.707309, , , ,video/mp4,34082855,keep-alive,"Thu, 22 Jun 2023 13:27:48 GMT","Thu, 22 Jun 2023 10:01:02 GMT","""8ac8aa3c5414053de61f649fe776b0db-3""", ,AES256, , , ,bytes,AmazonS3, , , , ,RefreshHit from cloudfront,1.1 179ba4c3ce59451c080c2ed7517bcb96.cloudfront.net (CloudFront),ZRH55-P1,GXwXre8J3MEhuVhu9gFUcv9IQMtas3OeaTK06L4SgySFPh5kmqKwkw==, ,https://d36mvgiamk5bf0.cloudfront.net/myvideo-california.mp4,my content hosted on CloudFront,"{'Content-Type': 'video/mp4', 'Content-Length': '34082855', 'Connection': 'keep-alive', 'Last-Modified': 'Thu, 22 Jun 2023 10:01:02 GMT', 'x-amz-server-side-encryption': 'AES256', 'Accept-Ranges': 'bytes', 'Server': 'AmazonS3', 'Date': 'Thu, 22 Jun 2023 13:27:48 GMT', 'ETag': '""8ac8aa3c5414053de61f649fe776b0db-3""', 'Vary': 'Accept-Encoding', 'X-Cache': 'RefreshHit from cloudfront', 'Via': '1.1 179ba4c3ce59451c080c2ed7517bcb96.cloudfront.net (CloudFront)', 'X-Amz-Cf-Pop': 'ZRH55-P1', 'X-Amz-Cf-Id': 'GXwXre8J3MEhuVhu9gFUcv9IQMtas3OeaTK06L4SgySFPh5kmqKwkw=='}"
22-06-2023_15:27:57:679592,18.165.185.67,0.711475, , , ,video/mp4,34082855,keep-alive,"Thu, 22 Jun 2023 13:27:59 GMT","Thu, 22 Jun 2023 10:01:02 GMT","""8ac8aa3c5414053de61f649fe776b0db-3""", ,AES256, , , ,bytes,AmazonS3, , , , ,RefreshHit from cloudfront,1.1 ca6974974a9175b71fb6a84145111ed2.cloudfront.net (CloudFront),ZRH55-P1,bpC_eM2mRV9XdcySptdwPvizQjXMD2NU8n2JJDiTj0diq8sVNHON-Q==, ,https://d36mvgiamk5bf0.cloudfront.net/myvideo-california.mp4,my content hosted on CloudFront,"{'Content-Type': 'video/mp4', 'Content-Length': '34082855', 'Connection': 'keep-alive', 'Last-Modified': 'Thu, 22 Jun 2023 10:01:02 GMT', 'x-amz-server-side-encryption': 'AES256', 'Accept-Ranges': 'bytes', 'Server': 'AmazonS3', 'Date': 'Thu, 22 Jun 2023 13:27:59 GMT', 'ETag': '""8ac8aa3c5414053de61f649fe776b0db-3""', 'Vary': 'Accept-Encoding', 'X-Cache': 'RefreshHit from cloudfront', 'Via': '1.1 ca6974974a9175b71fb6a84145111ed2.cloudfront.net (CloudFront)', 'X-Amz-Cf-Pop': 'ZRH55-P1', 'X-Amz-Cf-Id': 'bpC_eM2mRV9XdcySptdwPvizQjXMD2NU8n2JJDiTj0diq8sVNHON-Q=='}"
22-06-2023_15:28:08:404716,18.165.185.67,0.713047, , , ,video/mp4,34082855,keep-alive,"Thu, 22 Jun 2023 13:28:10 GMT","Thu, 22 Jun 2023 10:01:02 GMT","""8ac8aa3c5414053de61f649fe776b0db-3""", ,AES256, , , ,bytes,AmazonS3, , , , ,RefreshHit from cloudfront,1.1 a9717fb92179a05f5da85fabc586e750.cloudfront.net (CloudFront),ZRH55-P1,3syDKk0ZcFJEFUL8ojd7Smh21lsPX_8S_aEo8LLwTKIL-ungRpaisQ==, ,https://d36mvgiamk5bf0.cloudfront.net/myvideo-california.mp4,my content hosted on CloudFront,"{'Content-Type': 'video/mp4', 'Content-Length': '34082855', 'Connection': 'keep-alive', 'Last-Modified': 'Thu, 22 Jun 2023 10:01:02 GMT', 'x-amz-server-side-encryption': 'AES256', 'Accept-Ranges': 'bytes', 'Server': 'AmazonS3', 'Date': 'Thu, 22 Jun 2023 13:28:10 GMT', 'ETag': '""8ac8aa3c5414053de61f649fe776b0db-3""', 'Vary': 'Accept-Encoding', 'X-Cache': 'RefreshHit from cloudfront', 'Via': '1.1 a9717fb92179a05f5da85fabc586e750.cloudfront.net (CloudFront)', 'X-Amz-Cf-Pop': 'ZRH55-P1', 'X-Amz-Cf-Id': '3syDKk0ZcFJEFUL8ojd7Smh21lsPX_8S_aEo8LLwTKIL-ungRpaisQ=='}"
22-06-2023_15:28:19:136246,18.165.185.67,0.703659, , , ,video/mp4,34082855,keep-alive,"Thu, 22 Jun 2023 13:28:20 GMT","Thu, 22 Jun 2023 10:01:02 GMT","""8ac8aa3c5414053de61f649fe776b0db-3""", ,AES256, , , ,bytes,AmazonS3, , , , ,RefreshHit from cloudfront,1.1 f6d3d027dc70c7291c2f685efb187ab2.cloudfront.net (CloudFront),ZRH55-P1,HIZ3f5RL5WJdv1ibmQmIf2QID3bIoDCrkcR2aX_zX1cZ8DnwNvJg2A==, ,https://d36mvgiamk5bf0.cloudfront.net/myvideo-california.mp4,my content hosted on CloudFront,"{'Content-Type': 'video/mp4', 'Content-Length': '34082855', 'Connection': 'keep-alive', 'Last-Modified': 'Thu, 22 Jun 2023 10:01:02 GMT', 'x-amz-server-side-encryption': 'AES256', 'Accept-Ranges': 'bytes', 'Server': 'AmazonS3', 'Date': 'Thu, 22 Jun 2023 13:28:20 GMT', 'ETag': '""8ac8aa3c5414053de61f649fe776b0db-3""', 'Vary': 'Accept-Encoding', 'X-Cache': 'RefreshHit from cloudfront', 'Via': '1.1 f6d3d027dc70c7291c2f685efb187ab2.cloudfront.net (CloudFront)', 'X-Amz-Cf-Pop': 'ZRH55-P1', 'X-Amz-Cf-Id': 'HIZ3f5RL5WJdv1ibmQmIf2QID3bIoDCrkcR2aX_zX1cZ8DnwNvJg2A=='}"
22-06-2023_15:28:29:854581,18.165.185.67,0.703794, , , ,video/mp4,34082855,keep-alive,"Thu, 22 Jun 2023 13:28:31 GMT","Thu, 22 Jun 2023 10:01:02 GMT","""8ac8aa3c5414053de61f649fe776b0db-3""", ,AES256, , , ,bytes,AmazonS3, , , , ,RefreshHit from cloudfront,1.1 fec5e83bcae9ab1295b776b3f64183d0.cloudfront.net (CloudFront),ZRH55-P1,I-9oR7Ze7ymSOTGj7r6p_8BE7vYtEB65hyYmKqxUQQK-_gho4g0Lqw==, ,https://d36mvgiamk5bf0.cloudfront.net/myvideo-california.mp4,my content hosted on CloudFront,"{'Content-Type': 'video/mp4', 'Content-Length': '34082855', 'Connection': 'keep-alive', 'Last-Modified': 'Thu, 22 Jun 2023 10:01:02 GMT', 'x-amz-server-side-encryption': 'AES256', 'Accept-Ranges': 'bytes', 'Server': 'AmazonS3', 'Date': 'Thu, 22 Jun 2023 13:28:31 GMT', 'ETag': '""8ac8aa3c5414053de61f649fe776b0db-3""', 'Vary': 'Accept-Encoding', 'X-Cache': 'RefreshHit from cloudfront', 'Via': '1.1 fec5e83bcae9ab1295b776b3f64183d0.cloudfront.net (CloudFront)', 'X-Amz-Cf-Pop': 'ZRH55-P1', 'X-Amz-Cf-Id': 'I-9oR7Ze7ymSOTGj7r6p_8BE7vYtEB65hyYmKqxUQQK-_gho4g0Lqw=='}"
22-06-2023_15:28:40:579751,18.165.185.67,0.71074, , , ,video/mp4,34082855,keep-alive,"Thu, 22 Jun 2023 13:28:42 GMT","Thu, 22 Jun 2023 10:01:02 GMT","""8ac8aa3c5414053de61f649fe776b0db-3""", ,AES256, , , ,bytes,AmazonS3, , , , ,RefreshHit from cloudfront,1.1 b50b0f4274b74414c7dcdb544e6090a2.cloudfront.net (CloudFront),ZRH55-P1,Su6JRqZLLrxdRb-RePUZOxUFXnElO1V25eKDGxoPCUjV-V5b7zJ4tQ==, ,https://d36mvgiamk5bf0.cloudfront.net/myvideo-california.mp4,my content hosted on CloudFront,"{'Content-Type': 'video/mp4', 'Content-Length': '34082855', 'Connection': 'keep-alive', 'Last-Modified': 'Thu, 22 Jun 2023 10:01:02 GMT', 'x-amz-server-side-encryption': 'AES256', 'Accept-Ranges': 'bytes', 'Server': 'AmazonS3', 'Date': 'Thu, 22 Jun 2023 13:28:42 GMT', 'ETag': '""8ac8aa3c5414053de61f649fe776b0db-3""', 'Vary': 'Accept-Encoding', 'X-Cache': 'RefreshHit from cloudfront', 'Via': '1.1 b50b0f4274b74414c7dcdb544e6090a2.cloudfront.net (CloudFront)', 'X-Amz-Cf-Pop': 'ZRH55-P1', 'X-Amz-Cf-Id': 'Su6JRqZLLrxdRb-RePUZOxUFXnElO1V25eKDGxoPCUjV-V5b7zJ4tQ=='}"
22-06-2023_15:28:51:298194,18.165.185.67,0.707348, , , ,video/mp4,34082855,keep-alive,"Thu, 22 Jun 2023 13:28:52 GMT","Thu, 22 Jun 2023 10:01:02 GMT","""8ac8aa3c5414053de61f649fe776b0db-3""", ,AES256, , , ,bytes,AmazonS3, , , , ,RefreshHit from cloudfront,1.1 3a4b7ff21260552f6982d2003fec9c84.cloudfront.net (CloudFront),ZRH55-P1,RopWYvY1mDrSJ7x85L5P14Fbjo1a5zG1nitPUwLeS0_FCMbPdcMr6g==, ,https://d36mvgiamk5bf0.cloudfront.net/myvideo-california.mp4,my content hosted on CloudFront,"{'Content-Type': 'video/mp4', 'Content-Length': '34082855', 'Connection': 'keep-alive', 'Last-Modified': 'Thu, 22 Jun 2023 10:01:02 GMT', 'x-amz-server-side-encryption': 'AES256', 'Accept-Ranges': 'bytes', 'Server': 'AmazonS3', 'Date': 'Thu, 22 Jun 2023 13:28:52 GMT', 'ETag': '""8ac8aa3c5414053de61f649fe776b0db-3""', 'Vary': 'Accept-Encoding', 'X-Cache': 'RefreshHit from cloudfront', 'Via': '1.1 3a4b7ff21260552f6982d2003fec9c84.cloudfront.net (CloudFront)', 'X-Amz-Cf-Pop': 'ZRH55-P1', 'X-Amz-Cf-Id': 'RopWYvY1mDrSJ7x85L5P14Fbjo1a5zG1nitPUwLeS0_FCMbPdcMr6g=='}"
22-06-2023_15:29:02:018802,18.165.185.67,0.712667, , , ,video/mp4,34082855,keep-alive,"Thu, 22 Jun 2023 13:29:03 GMT","Thu, 22 Jun 2023 10:01:02 GMT","""8ac8aa3c5414053de61f649fe776b0db-3""", ,AES256, , , ,bytes,AmazonS3, , , , ,RefreshHit from cloudfront,1.1 ca6974974a9175b71fb6a84145111ed2.cloudfront.net (CloudFront),ZRH55-P1,bEOc5MKkPfpnYEwqa3g5PimYFhVgPzB4wG7bVtbQhf9Z0lcBbPku1w==, ,https://d36mvgiamk5bf0.cloudfront.net/myvideo-california.mp4,my content hosted on CloudFront,"{'Content-Type': 'video/mp4', 'Content-Length': '34082855', 'Connection': 'keep-alive', 'Last-Modified': 'Thu, 22 Jun 2023 10:01:02 GMT', 'x-amz-server-side-encryption': 'AES256', 'Accept-Ranges': 'bytes', 'Server': 'AmazonS3', 'Date': 'Thu, 22 Jun 2023 13:29:03 GMT', 'ETag': '""8ac8aa3c5414053de61f649fe776b0db-3""', 'Vary': 'Accept-Encoding', 'X-Cache': 'RefreshHit from cloudfront', 'Via': '1.1 ca6974974a9175b71fb6a84145111ed2.cloudfront.net (CloudFront)', 'X-Amz-Cf-Pop': 'ZRH55-P1', 'X-Amz-Cf-Id': 'bEOc5MKkPfpnYEwqa3g5PimYFhVgPzB4wG7bVtbQhf9Z0lcBbPku1w=='}"
22-06-2023_15:29:12:747014,18.165.185.67,0.708456, , , ,video/mp4,34082855,keep-alive,"Thu, 22 Jun 2023 13:29:14 GMT","Thu, 22 Jun 2023 10:01:02 GMT","""8ac8aa3c5414053de61f649fe776b0db-3""", ,AES256, , , ,bytes,AmazonS3, , , , ,RefreshHit from cloudfront,1.1 8f2341b304c32ec6530aa5361edb2fe4.cloudfront.net (CloudFront),ZRH55-P1,9D4Ye78NRoGRiZ-5oSqtWW4HWApUy-WbEy2JndJ2Ug-5jWxN-MPpFA==, ,https://d36mvgiamk5bf0.cloudfront.net/myvideo-california.mp4,my content hosted on CloudFront,"{'Content-Type': 'video/mp4', 'Content-Length': '34082855', 'Connection': 'keep-alive', 'Last-Modified': 'Thu, 22 Jun 2023 10:01:02 GMT', 'x-amz-server-side-encryption': 'AES256', 'Accept-Ranges': 'bytes', 'Server': 'AmazonS3', 'Date': 'Thu, 22 Jun 2023 13:29:14 GMT', 'ETag': '""8ac8aa3c5414053de61f649fe776b0db-3""', 'Vary': 'Accept-Encoding', 'X-Cache': 'RefreshHit from cloudfront', 'Via': '1.1 8f2341b304c32ec6530aa5361edb2fe4.cloudfront.net (CloudFront)', 'X-Amz-Cf-Pop': 'ZRH55-P1', 'X-Amz-Cf-Id': '9D4Ye78NRoGRiZ-5oSqtWW4HWApUy-WbEy2JndJ2Ug-5jWxN-MPpFA=='}"
22-06-2023_15:29:23:473776,18.165.185.221,0.715426, , , ,video/mp4,34082855,keep-alive,"Thu, 22 Jun 2023 13:29:25 GMT","Thu, 22 Jun 2023 10:01:02 GMT","""8ac8aa3c5414053de61f649fe776b0db-3""", ,AES256, , , ,bytes,AmazonS3, , , , ,RefreshHit from cloudfront,1.1 841da31399fe7f7e7065c840a22fae0a.cloudfront.net (CloudFront),ZRH55-P1,vFM5MLF3G2fMjOLAiZQSyMgU3KNfDJpLacWeTm3-NiNLPpGk-d6xdQ==, ,https://d36mvgiamk5bf0.cloudfront.net/myvideo-california.mp4,my content hosted on CloudFront,"{'Content-Type': 'video/mp4', 'Content-Length': '34082855', 'Connection': 'keep-alive', 'Last-Modified': 'Thu, 22 Jun 2023 10:01:02 GMT', 'x-amz-server-side-encryption': 'AES256', 'Accept-Ranges': 'bytes', 'Server': 'AmazonS3', 'Date': 'Thu, 22 Jun 2023 13:29:25 GMT', 'ETag': '""8ac8aa3c5414053de61f649fe776b0db-3""', 'Vary': 'Accept-Encoding', 'X-Cache': 'RefreshHit from cloudfront', 'Via': '1.1 841da31399fe7f7e7065c840a22fae0a.cloudfront.net (CloudFront)', 'X-Amz-Cf-Pop': 'ZRH55-P1', 'X-Amz-Cf-Id': 'vFM5MLF3G2fMjOLAiZQSyMgU3KNfDJpLacWeTm3-NiNLPpGk-d6xdQ=='}"
22-06-2023_15:29:34:202435,18.165.185.221,0.715625, , , ,video/mp4,34082855,keep-alive,"Thu, 22 Jun 2023 13:29:35 GMT","Thu, 22 Jun 2023 10:01:02 GMT","""8ac8aa3c5414053de61f649fe776b0db-3""", ,AES256, , , ,bytes,AmazonS3, , , , ,RefreshHit from cloudfront,1.1 2bb98457c96f801517f8d0d98344cd3c.cloudfront.net (CloudFront),ZRH55-P1,iZ01Jranp6l-8-4HdUZMjtPNrkPLpK2GJGueWYyIaQBbdDqjJvu4PA==, ,https://d36mvgiamk5bf0.cloudfront.net/myvideo-california.mp4,my content hosted on CloudFront,"{'Content-Type': 'video/mp4', 'Content-Length': '34082855', 'Connection': 'keep-alive', 'Last-Modified': 'Thu, 22 Jun 2023 10:01:02 GMT', 'x-amz-server-side-encryption': 'AES256', 'Accept-Ranges': 'bytes', 'Server': 'AmazonS3', 'Date': 'Thu, 22 Jun 2023 13:29:35 GMT', 'ETag': '""8ac8aa3c5414053de61f649fe776b0db-3""', 'Vary': 'Accept-Encoding', 'X-Cache': 'RefreshHit from cloudfront', 'Via': '1.1 2bb98457c96f801517f8d0d98344cd3c.cloudfront.net (CloudFront)', 'X-Amz-Cf-Pop': 'ZRH55-P1', 'X-Amz-Cf-Id': 'iZ01Jranp6l-8-4HdUZMjtPNrkPLpK2GJGueWYyIaQBbdDqjJvu4PA=='}"
