timestamp(dd-mm-yyyy hh:mm:ss:ms),responseIP,latency(ms),traceroute_ips,traceroute_hnames,hop count,Content-Type,Content-Length,Connection,Date,Last-Modified,ETag,x-amz-storage-class,x-amz-server-side-encryption,x-amz-meta-dv-checksum-sha-1,x-amz-meta-dv-checksum-md5,x-amz-meta-dv-checksum-sha-256,Accept-Ranges,Server,X-Server-IP,X-Server-IP_hops,X-Server-IP_hnames,X-Server-IP_hopcount,X-Cache,Via,X-Amz-Cf-Pop,X-Amz-Cf-Id,Age,url,info,reasponseHeaders
22-06-2023_22:36:07:378845,18.165.185.179,90.239, , , ,video/mp4,34082855,keep-alive,"Thu, 22 Jun 2023 20:36:08 GMT","Thu, 22 Jun 2023 19:56:09 GMT","""8ac8aa3c5414053de61f649fe776b0db-3""", ,AES256, , , ,bytes,AmazonS3, , , , ,RefreshHit from cloudfront,1.1 2aefdd231d9806ea2eced3399f411f80.cloudfront.net (CloudFront),ZRH55-P1,maxJnxXkfXJMqwL8BdMn5Olx6R45fLzB7OuDkCpKtgBaX73A2ustig==, ,https://dm6nckdz08do7.cloudfront.net/myvideo-milan.mp4,my content hosted on CloudFront,"{'Content-Type': 'video/mp4', 'Content-Length': '34082855', 'Connection': 'keep-alive', 'Last-Modified': 'Thu, 22 Jun 2023 19:56:09 GMT', 'x-amz-server-side-encryption': 'AES256', 'Accept-Ranges': 'bytes', 'Server': 'AmazonS3', 'Date': 'Thu, 22 Jun 2023 20:36:08 GMT', 'ETag': '""8ac8aa3c5414053de61f649fe776b0db-3""', 'Vary': 'Accept-Encoding', 'X-Cache': 'RefreshHit from cloudfront', 'Via': '1.1 2aefdd231d9806ea2eced3399f411f80.cloudfront.net (CloudFront)', 'X-Amz-Cf-Pop': 'ZRH55-P1', 'X-Amz-Cf-Id': 'maxJnxXkfXJMqwL8BdMn5Olx6R45fLzB7OuDkCpKtgBaX73A2ustig=='}"
22-06-2023_22:36:12:587666,18.165.185.179,82.226, , , ,video/mp4,34082855,keep-alive,"Thu, 22 Jun 2023 20:36:13 GMT","Thu, 22 Jun 2023 19:56:09 GMT","""8ac8aa3c5414053de61f649fe776b0db-3""", ,AES256, , , ,bytes,AmazonS3, , , , ,RefreshHit from cloudfront,1.1 b50b0f4274b74414c7dcdb544e6090a2.cloudfront.net (CloudFront),ZRH55-P1,wAucaKLhzhgHRU810M6RJQSbdV6ZdJOHbl7nQ83Tp5dVvxI2D--xUA==, ,https://dm6nckdz08do7.cloudfront.net/myvideo-milan.mp4,my content hosted on CloudFront,"{'Content-Type': 'video/mp4', 'Content-Length': '34082855', 'Connection': 'keep-alive', 'Last-Modified': 'Thu, 22 Jun 2023 19:56:09 GMT', 'x-amz-server-side-encryption': 'AES256', 'Accept-Ranges': 'bytes', 'Server': 'AmazonS3', 'Date': 'Thu, 22 Jun 2023 20:36:13 GMT', 'ETag': '""8ac8aa3c5414053de61f649fe776b0db-3""', 'Vary': 'Accept-Encoding', 'X-Cache': 'RefreshHit from cloudfront', 'Via': '1.1 b50b0f4274b74414c7dcdb544e6090a2.cloudfront.net (CloudFront)', 'X-Amz-Cf-Pop': 'ZRH55-P1', 'X-Amz-Cf-Id': 'wAucaKLhzhgHRU810M6RJQSbdV6ZdJOHbl7nQ83Tp5dVvxI2D--xUA=='}"
22-06-2023_22:36:17:786659,18.165.185.179,94.763, , , ,video/mp4,34082855,keep-alive,"Thu, 22 Jun 2023 20:36:18 GMT","Thu, 22 Jun 2023 19:56:09 GMT","""8ac8aa3c5414053de61f649fe776b0db-3""", ,AES256, , , ,bytes,AmazonS3, , , , ,RefreshHit from cloudfront,1.1 fa2f998214db1c6c6bdb96ceff3ce5d8.cloudfront.net (CloudFront),ZRH55-P1,JQSK-OQyKEfNSHathyUZF5XWBsx2cCAVbRDoqX4sMwvchuvK0_ohuw==, ,https://dm6nckdz08do7.cloudfront.net/myvideo-milan.mp4,my content hosted on CloudFront,"{'Content-Type': 'video/mp4', 'Content-Length': '34082855', 'Connection': 'keep-alive', 'Last-Modified': 'Thu, 22 Jun 2023 19:56:09 GMT', 'x-amz-server-side-encryption': 'AES256', 'Accept-Ranges': 'bytes', 'Server': 'AmazonS3', 'Date': 'Thu, 22 Jun 2023 20:36:18 GMT', 'ETag': '""8ac8aa3c5414053de61f649fe776b0db-3""', 'Vary': 'Accept-Encoding', 'X-Cache': 'RefreshHit from cloudfront', 'Via': '1.1 fa2f998214db1c6c6bdb96ceff3ce5d8.cloudfront.net (CloudFront)', 'X-Amz-Cf-Pop': 'ZRH55-P1', 'X-Amz-Cf-Id': 'JQSK-OQyKEfNSHathyUZF5XWBsx2cCAVbRDoqX4sMwvchuvK0_ohuw=='}"
22-06-2023_22:36:23:000133,18.165.185.179,80.60499999999999, , , ,video/mp4,34082855,keep-alive,"Thu, 22 Jun 2023 20:36:24 GMT","Thu, 22 Jun 2023 19:56:09 GMT","""8ac8aa3c5414053de61f649fe776b0db-3""", ,AES256, , , ,bytes,AmazonS3, , , , ,RefreshHit from cloudfront,1.1 478446fb4d72a1fd99b9a7a5157265f4.cloudfront.net (CloudFront),ZRH55-P1,spyYhGrH73btQha6mSjm-8AgGtVZTSKXNVPKuhLsk5Bk_i1g7UZxog==, ,https://dm6nckdz08do7.cloudfront.net/myvideo-milan.mp4,my content hosted on CloudFront,"{'Content-Type': 'video/mp4', 'Content-Length': '34082855', 'Connection': 'keep-alive', 'Last-Modified': 'Thu, 22 Jun 2023 19:56:09 GMT', 'x-amz-server-side-encryption': 'AES256', 'Accept-Ranges': 'bytes', 'Server': 'AmazonS3', 'Date': 'Thu, 22 Jun 2023 20:36:24 GMT', 'ETag': '""8ac8aa3c5414053de61f649fe776b0db-3""', 'Vary': 'Accept-Encoding', 'X-Cache': 'RefreshHit from cloudfront', 'Via': '1.1 478446fb4d72a1fd99b9a7a5157265f4.cloudfront.net (CloudFront)', 'X-Amz-Cf-Pop': 'ZRH55-P1', 'X-Amz-Cf-Id': 'spyYhGrH73btQha6mSjm-8AgGtVZTSKXNVPKuhLsk5Bk_i1g7UZxog=='}"
22-06-2023_22:36:28:208238,18.165.185.179,79.411, , , ,video/mp4,34082855,keep-alive,"Thu, 22 Jun 2023 20:36:29 GMT","Thu, 22 Jun 2023 19:56:09 GMT","""8ac8aa3c5414053de61f649fe776b0db-3""", ,AES256, , , ,bytes,AmazonS3, , , , ,RefreshHit from cloudfront,1.1 ff571229df9f46b01b0e434bcb36f9e6.cloudfront.net (CloudFront),ZRH55-P1,QyD918IZ2SLDGamo0j7xYQNhFyctOOY1KMF14L-oRpN0Ak_RpMfm1A==, ,https://dm6nckdz08do7.cloudfront.net/myvideo-milan.mp4,my content hosted on CloudFront,"{'Content-Type': 'video/mp4', 'Content-Length': '34082855', 'Connection': 'keep-alive', 'Last-Modified': 'Thu, 22 Jun 2023 19:56:09 GMT', 'x-amz-server-side-encryption': 'AES256', 'Accept-Ranges': 'bytes', 'Server': 'AmazonS3', 'Date': 'Thu, 22 Jun 2023 20:36:29 GMT', 'ETag': '""8ac8aa3c5414053de61f649fe776b0db-3""', 'Vary': 'Accept-Encoding', 'X-Cache': 'RefreshHit from cloudfront', 'Via': '1.1 ff571229df9f46b01b0e434bcb36f9e6.cloudfront.net (CloudFront)', 'X-Amz-Cf-Pop': 'ZRH55-P1', 'X-Amz-Cf-Id': 'QyD918IZ2SLDGamo0j7xYQNhFyctOOY1KMF14L-oRpN0Ak_RpMfm1A=='}"
22-06-2023_22:36:33:421145,18.165.185.179,87.17999999999999, , , ,video/mp4,34082855,keep-alive,"Thu, 22 Jun 2023 20:36:34 GMT","Thu, 22 Jun 2023 19:56:09 GMT","""8ac8aa3c5414053de61f649fe776b0db-3""", ,AES256, , , ,bytes,AmazonS3, , , , ,RefreshHit from cloudfront,1.1 c7311454ce938e04f3523616a5b033da.cloudfront.net (CloudFront),ZRH55-P1,iQp1iwG5vVinQ3qZCp3yIGCRLGphJ_L5TlEbp3Lo1haFEhd3zhTdVQ==, ,https://dm6nckdz08do7.cloudfront.net/myvideo-milan.mp4,my content hosted on CloudFront,"{'Content-Type': 'video/mp4', 'Content-Length': '34082855', 'Connection': 'keep-alive', 'Last-Modified': 'Thu, 22 Jun 2023 19:56:09 GMT', 'x-amz-server-side-encryption': 'AES256', 'Accept-Ranges': 'bytes', 'Server': 'AmazonS3', 'Date': 'Thu, 22 Jun 2023 20:36:34 GMT', 'ETag': '""8ac8aa3c5414053de61f649fe776b0db-3""', 'Vary': 'Accept-Encoding', 'X-Cache': 'RefreshHit from cloudfront', 'Via': '1.1 c7311454ce938e04f3523616a5b033da.cloudfront.net (CloudFront)', 'X-Amz-Cf-Pop': 'ZRH55-P1', 'X-Amz-Cf-Id': 'iQp1iwG5vVinQ3qZCp3yIGCRLGphJ_L5TlEbp3Lo1haFEhd3zhTdVQ=='}"
22-06-2023_22:36:38:612047,18.165.185.179,82.786, , , ,video/mp4,34082855,keep-alive,"Thu, 22 Jun 2023 20:36:39 GMT","Thu, 22 Jun 2023 19:56:09 GMT","""8ac8aa3c5414053de61f649fe776b0db-3""", ,AES256, , , ,bytes,AmazonS3, , , , ,RefreshHit from cloudfront,1.1 7eb9eadda041aaab1056a6a0f8080462.cloudfront.net (CloudFront),ZRH55-P1,C9NFl4aOu9naOZsDhXQ0R0Lu5aNYbOjYBMS4BSgw8DKPnX2zw5FLPQ==, ,https://dm6nckdz08do7.cloudfront.net/myvideo-milan.mp4,my content hosted on CloudFront,"{'Content-Type': 'video/mp4', 'Content-Length': '34082855', 'Connection': 'keep-alive', 'Last-Modified': 'Thu, 22 Jun 2023 19:56:09 GMT', 'x-amz-server-side-encryption': 'AES256', 'Accept-Ranges': 'bytes', 'Server': 'AmazonS3', 'Date': 'Thu, 22 Jun 2023 20:36:39 GMT', 'ETag': '""8ac8aa3c5414053de61f649fe776b0db-3""', 'Vary': 'Accept-Encoding', 'X-Cache': 'RefreshHit from cloudfront', 'Via': '1.1 7eb9eadda041aaab1056a6a0f8080462.cloudfront.net (CloudFront)', 'X-Amz-Cf-Pop': 'ZRH55-P1', 'X-Amz-Cf-Id': 'C9NFl4aOu9naOZsDhXQ0R0Lu5aNYbOjYBMS4BSgw8DKPnX2zw5FLPQ=='}"
22-06-2023_22:36:43:810180,18.165.185.179,91.674, , , ,video/mp4,34082855,keep-alive,"Thu, 22 Jun 2023 20:36:44 GMT","Thu, 22 Jun 2023 19:56:09 GMT","""8ac8aa3c5414053de61f649fe776b0db-3""", ,AES256, , , ,bytes,AmazonS3, , , , ,RefreshHit from cloudfront,1.1 478446fb4d72a1fd99b9a7a5157265f4.cloudfront.net (CloudFront),ZRH55-P1,bpmJ_PM1nYZdcyU8p6SxDjQApXC5mUVeY3AbBf86xQTJEF62-LAAkA==, ,https://dm6nckdz08do7.cloudfront.net/myvideo-milan.mp4,my content hosted on CloudFront,"{'Content-Type': 'video/mp4', 'Content-Length': '34082855', 'Connection': 'keep-alive', 'Last-Modified': 'Thu, 22 Jun 2023 19:56:09 GMT', 'x-amz-server-side-encryption': 'AES256', 'Accept-Ranges': 'bytes', 'Server': 'AmazonS3', 'Date': 'Thu, 22 Jun 2023 20:36:44 GMT', 'ETag': '""8ac8aa3c5414053de61f649fe776b0db-3""', 'Vary': 'Accept-Encoding', 'X-Cache': 'RefreshHit from cloudfront', 'Via': '1.1 478446fb4d72a1fd99b9a7a5157265f4.cloudfront.net (CloudFront)', 'X-Amz-Cf-Pop': 'ZRH55-P1', 'X-Amz-Cf-Id': 'bpmJ_PM1nYZdcyU8p6SxDjQApXC5mUVeY3AbBf86xQTJEF62-LAAkA=='}"
22-06-2023_22:36:49:017336,18.165.185.179,85.279, , , ,video/mp4,34082855,keep-alive,"Thu, 22 Jun 2023 20:36:50 GMT","Thu, 22 Jun 2023 19:56:09 GMT","""8ac8aa3c5414053de61f649fe776b0db-3""", ,AES256, , , ,bytes,AmazonS3, , , , ,RefreshHit from cloudfront,1.1 ff571229df9f46b01b0e434bcb36f9e6.cloudfront.net (CloudFront),ZRH55-P1,MPuS4R3Eoinq5tCI50o2LdOhE9qvogcWpqNOF0uMowvtYxvoLv5aZw==, ,https://dm6nckdz08do7.cloudfront.net/myvideo-milan.mp4,my content hosted on CloudFront,"{'Content-Type': 'video/mp4', 'Content-Length': '34082855', 'Connection': 'keep-alive', 'Last-Modified': 'Thu, 22 Jun 2023 19:56:09 GMT', 'x-amz-server-side-encryption': 'AES256', 'Accept-Ranges': 'bytes', 'Server': 'AmazonS3', 'Date': 'Thu, 22 Jun 2023 20:36:50 GMT', 'ETag': '""8ac8aa3c5414053de61f649fe776b0db-3""', 'Vary': 'Accept-Encoding', 'X-Cache': 'RefreshHit from cloudfront', 'Via': '1.1 ff571229df9f46b01b0e434bcb36f9e6.cloudfront.net (CloudFront)', 'X-Amz-Cf-Pop': 'ZRH55-P1', 'X-Amz-Cf-Id': 'MPuS4R3Eoinq5tCI50o2LdOhE9qvogcWpqNOF0uMowvtYxvoLv5aZw=='}"
22-06-2023_22:36:54:222033,18.165.185.179,115.08500000000001, , , ,video/mp4,34082855,keep-alive,"Thu, 22 Jun 2023 20:36:55 GMT","Thu, 22 Jun 2023 19:56:09 GMT","""8ac8aa3c5414053de61f649fe776b0db-3""", ,AES256, , , ,bytes,AmazonS3, , , , ,RefreshHit from cloudfront,1.1 478446fb4d72a1fd99b9a7a5157265f4.cloudfront.net (CloudFront),ZRH55-P1,Z9FO-ziiE3-CoFWhd6x3CFZ_8wa0c--zOaffC0BhFaaxo2A_zy9FMg==, ,https://dm6nckdz08do7.cloudfront.net/myvideo-milan.mp4,my content hosted on CloudFront,"{'Content-Type': 'video/mp4', 'Content-Length': '34082855', 'Connection': 'keep-alive', 'Last-Modified': 'Thu, 22 Jun 2023 19:56:09 GMT', 'x-amz-server-side-encryption': 'AES256', 'Accept-Ranges': 'bytes', 'Server': 'AmazonS3', 'Date': 'Thu, 22 Jun 2023 20:36:55 GMT', 'ETag': '""8ac8aa3c5414053de61f649fe776b0db-3""', 'Vary': 'Accept-Encoding', 'X-Cache': 'RefreshHit from cloudfront', 'Via': '1.1 478446fb4d72a1fd99b9a7a5157265f4.cloudfront.net (CloudFront)', 'X-Amz-Cf-Pop': 'ZRH55-P1', 'X-Amz-Cf-Id': 'Z9FO-ziiE3-CoFWhd6x3CFZ_8wa0c--zOaffC0BhFaaxo2A_zy9FMg=='}"
22-06-2023_22:36:59:422956,18.165.185.179,83.026, , , ,video/mp4,34082855,keep-alive,"Thu, 22 Jun 2023 20:37:00 GMT","Thu, 22 Jun 2023 19:56:09 GMT","""8ac8aa3c5414053de61f649fe776b0db-3""", ,AES256, , , ,bytes,AmazonS3, , , , ,RefreshHit from cloudfront,1.1 4aab94d467900146bd910265f6087b8e.cloudfront.net (CloudFront),ZRH55-P1,RaVMxG-W6rTLthbJ-fE20wGpkhiCa8rNT3zfLNsX3vJf8elsQhc2YQ==, ,https://dm6nckdz08do7.cloudfront.net/myvideo-milan.mp4,my content hosted on CloudFront,"{'Content-Type': 'video/mp4', 'Content-Length': '34082855', 'Connection': 'keep-alive', 'Last-Modified': 'Thu, 22 Jun 2023 19:56:09 GMT', 'x-amz-server-side-encryption': 'AES256', 'Accept-Ranges': 'bytes', 'Server': 'AmazonS3', 'Date': 'Thu, 22 Jun 2023 20:37:00 GMT', 'ETag': '""8ac8aa3c5414053de61f649fe776b0db-3""', 'Vary': 'Accept-Encoding', 'X-Cache': 'RefreshHit from cloudfront', 'Via': '1.1 4aab94d467900146bd910265f6087b8e.cloudfront.net (CloudFront)', 'X-Amz-Cf-Pop': 'ZRH55-P1', 'X-Amz-Cf-Id': 'RaVMxG-W6rTLthbJ-fE20wGpkhiCa8rNT3zfLNsX3vJf8elsQhc2YQ=='}"
22-06-2023_22:37:04:612525,18.165.185.179,77.169, , , ,video/mp4,34082855,keep-alive,"Thu, 22 Jun 2023 20:37:05 GMT","Thu, 22 Jun 2023 19:56:09 GMT","""8ac8aa3c5414053de61f649fe776b0db-3""", ,AES256, , , ,bytes,AmazonS3, , , , ,RefreshHit from cloudfront,1.1 a1822b92cbf5d3516743d4786d5b6020.cloudfront.net (CloudFront),ZRH55-P1,YSD3pfCCu34jwFaKKwFX-zP3FHCv0tMDyGLhUkXR9ztkqIs0L6sKNg==, ,https://dm6nckdz08do7.cloudfront.net/myvideo-milan.mp4,my content hosted on CloudFront,"{'Content-Type': 'video/mp4', 'Content-Length': '34082855', 'Connection': 'keep-alive', 'Last-Modified': 'Thu, 22 Jun 2023 19:56:09 GMT', 'x-amz-server-side-encryption': 'AES256', 'Accept-Ranges': 'bytes', 'Server': 'AmazonS3', 'Date': 'Thu, 22 Jun 2023 20:37:05 GMT', 'ETag': '""8ac8aa3c5414053de61f649fe776b0db-3""', 'Vary': 'Accept-Encoding', 'X-Cache': 'RefreshHit from cloudfront', 'Via': '1.1 a1822b92cbf5d3516743d4786d5b6020.cloudfront.net (CloudFront)', 'X-Amz-Cf-Pop': 'ZRH55-P1', 'X-Amz-Cf-Id': 'YSD3pfCCu34jwFaKKwFX-zP3FHCv0tMDyGLhUkXR9ztkqIs0L6sKNg=='}"
22-06-2023_22:37:09:821261,18.165.185.179,91.84100000000001, , , ,video/mp4,34082855,keep-alive,"Thu, 22 Jun 2023 20:37:10 GMT","Thu, 22 Jun 2023 19:56:09 GMT","""8ac8aa3c5414053de61f649fe776b0db-3""", ,AES256, , , ,bytes,AmazonS3, , , , ,RefreshHit from cloudfront,1.1 3d994808da6a9ce8c9e7b1364fa689ea.cloudfront.net (CloudFront),ZRH55-P1,OAAfc43EoacFEhp6IHN7k4h7z9CtwoLjg5QmjbPiP3bTrsmoRt7iQQ==, ,https://dm6nckdz08do7.cloudfront.net/myvideo-milan.mp4,my content hosted on CloudFront,"{'Content-Type': 'video/mp4', 'Content-Length': '34082855', 'Connection': 'keep-alive', 'Last-Modified': 'Thu, 22 Jun 2023 19:56:09 GMT', 'x-amz-server-side-encryption': 'AES256', 'Accept-Ranges': 'bytes', 'Server': 'AmazonS3', 'Date': 'Thu, 22 Jun 2023 20:37:10 GMT', 'ETag': '""8ac8aa3c5414053de61f649fe776b0db-3""', 'Vary': 'Accept-Encoding', 'X-Cache': 'RefreshHit from cloudfront', 'Via': '1.1 3d994808da6a9ce8c9e7b1364fa689ea.cloudfront.net (CloudFront)', 'X-Amz-Cf-Pop': 'ZRH55-P1', 'X-Amz-Cf-Id': 'OAAfc43EoacFEhp6IHN7k4h7z9CtwoLjg5QmjbPiP3bTrsmoRt7iQQ=='}"
22-06-2023_22:37:15:014877,18.165.185.179,87.497, , , ,video/mp4,34082855,keep-alive,"Thu, 22 Jun 2023 20:37:16 GMT","Thu, 22 Jun 2023 19:56:09 GMT","""8ac8aa3c5414053de61f649fe776b0db-3""", ,AES256, , , ,bytes,AmazonS3, , , , ,RefreshHit from cloudfront,1.1 8f2341b304c32ec6530aa5361edb2fe4.cloudfront.net (CloudFront),ZRH55-P1,Q9y54S39BFqwzYRXFbF1td5BSytRFuyBl_uXag8kbiKSamoFkiOatw==, ,https://dm6nckdz08do7.cloudfront.net/myvideo-milan.mp4,my content hosted on CloudFront,"{'Content-Type': 'video/mp4', 'Content-Length': '34082855', 'Connection': 'keep-alive', 'Last-Modified': 'Thu, 22 Jun 2023 19:56:09 GMT', 'x-amz-server-side-encryption': 'AES256', 'Accept-Ranges': 'bytes', 'Server': 'AmazonS3', 'Date': 'Thu, 22 Jun 2023 20:37:16 GMT', 'ETag': '""8ac8aa3c5414053de61f649fe776b0db-3""', 'Vary': 'Accept-Encoding', 'X-Cache': 'RefreshHit from cloudfront', 'Via': '1.1 8f2341b304c32ec6530aa5361edb2fe4.cloudfront.net (CloudFront)', 'X-Amz-Cf-Pop': 'ZRH55-P1', 'X-Amz-Cf-Id': 'Q9y54S39BFqwzYRXFbF1td5BSytRFuyBl_uXag8kbiKSamoFkiOatw=='}"
22-06-2023_22:37:20:200645,18.165.185.179,76.71799999999999, , , ,video/mp4,34082855,keep-alive,"Thu, 22 Jun 2023 20:37:21 GMT","Thu, 22 Jun 2023 19:56:09 GMT","""8ac8aa3c5414053de61f649fe776b0db-3""", ,AES256, , , ,bytes,AmazonS3, , , , ,RefreshHit from cloudfront,1.1 3a4b7ff21260552f6982d2003fec9c84.cloudfront.net (CloudFront),ZRH55-P1,ijcLUHsh5dB4BTwoBsjwNFpMQCjoTwQ5OYUWvi9S4wUcbYC3vAE9ow==, ,https://dm6nckdz08do7.cloudfront.net/myvideo-milan.mp4,my content hosted on CloudFront,"{'Content-Type': 'video/mp4', 'Content-Length': '34082855', 'Connection': 'keep-alive', 'Last-Modified': 'Thu, 22 Jun 2023 19:56:09 GMT', 'x-amz-server-side-encryption': 'AES256', 'Accept-Ranges': 'bytes', 'Server': 'AmazonS3', 'Date': 'Thu, 22 Jun 2023 20:37:21 GMT', 'ETag': '""8ac8aa3c5414053de61f649fe776b0db-3""', 'Vary': 'Accept-Encoding', 'X-Cache': 'RefreshHit from cloudfront', 'Via': '1.1 3a4b7ff21260552f6982d2003fec9c84.cloudfront.net (CloudFront)', 'X-Amz-Cf-Pop': 'ZRH55-P1', 'X-Amz-Cf-Id': 'ijcLUHsh5dB4BTwoBsjwNFpMQCjoTwQ5OYUWvi9S4wUcbYC3vAE9ow=='}"
22-06-2023_22:37:25:376102,18.165.185.179,81.40899999999999, , , ,video/mp4,34082855,keep-alive,"Thu, 22 Jun 2023 20:37:26 GMT","Thu, 22 Jun 2023 19:56:09 GMT","""8ac8aa3c5414053de61f649fe776b0db-3""", ,AES256, , , ,bytes,AmazonS3, , , , ,RefreshHit from cloudfront,1.1 c7311454ce938e04f3523616a5b033da.cloudfront.net (CloudFront),ZRH55-P1,-KnueV8fquV_b1s5_vTT9kSQhHAmqiKoQZiVx6dchl5CR8uztgWsOg==, ,https://dm6nckdz08do7.cloudfront.net/myvideo-milan.mp4,my content hosted on CloudFront,"{'Content-Type': 'video/mp4', 'Content-Length': '34082855', 'Connection': 'keep-alive', 'Last-Modified': 'Thu, 22 Jun 2023 19:56:09 GMT', 'x-amz-server-side-encryption': 'AES256', 'Accept-Ranges': 'bytes', 'Server': 'AmazonS3', 'Date': 'Thu, 22 Jun 2023 20:37:26 GMT', 'ETag': '""8ac8aa3c5414053de61f649fe776b0db-3""', 'Vary': 'Accept-Encoding', 'X-Cache': 'RefreshHit from cloudfront', 'Via': '1.1 c7311454ce938e04f3523616a5b033da.cloudfront.net (CloudFront)', 'X-Amz-Cf-Pop': 'ZRH55-P1', 'X-Amz-Cf-Id': '-KnueV8fquV_b1s5_vTT9kSQhHAmqiKoQZiVx6dchl5CR8uztgWsOg=='}"
22-06-2023_22:37:30:570817,18.165.185.179,106.144, , , ,video/mp4,34082855,keep-alive,"Thu, 22 Jun 2023 20:37:31 GMT","Thu, 22 Jun 2023 19:56:09 GMT","""8ac8aa3c5414053de61f649fe776b0db-3""", ,AES256, , , ,bytes,AmazonS3, , , , ,RefreshHit from cloudfront,1.1 b03c46754456cd1729ff37c2faafd4ec.cloudfront.net (CloudFront),ZRH55-P1,E2Rw7FqV3DmdVH7YhczxA7wc_mT7Sm5Hgy-DayhV5JM5kZIaDJflkw==, ,https://dm6nckdz08do7.cloudfront.net/myvideo-milan.mp4,my content hosted on CloudFront,"{'Content-Type': 'video/mp4', 'Content-Length': '34082855', 'Connection': 'keep-alive', 'Last-Modified': 'Thu, 22 Jun 2023 19:56:09 GMT', 'x-amz-server-side-encryption': 'AES256', 'Accept-Ranges': 'bytes', 'Server': 'AmazonS3', 'Date': 'Thu, 22 Jun 2023 20:37:31 GMT', 'ETag': '""8ac8aa3c5414053de61f649fe776b0db-3""', 'Vary': 'Accept-Encoding', 'X-Cache': 'RefreshHit from cloudfront', 'Via': '1.1 b03c46754456cd1729ff37c2faafd4ec.cloudfront.net (CloudFront)', 'X-Amz-Cf-Pop': 'ZRH55-P1', 'X-Amz-Cf-Id': 'E2Rw7FqV3DmdVH7YhczxA7wc_mT7Sm5Hgy-DayhV5JM5kZIaDJflkw=='}"
22-06-2023_22:37:35:763303,18.165.185.179,84.758, , , ,video/mp4,34082855,keep-alive,"Thu, 22 Jun 2023 20:37:36 GMT","Thu, 22 Jun 2023 19:56:09 GMT","""8ac8aa3c5414053de61f649fe776b0db-3""", ,AES256, , , ,bytes,AmazonS3, , , , ,RefreshHit from cloudfront,1.1 9c0ce977a13f3d9bbc6eed6540faf728.cloudfront.net (CloudFront),ZRH55-P1,skyPIi9IPSYGCU87TzlCSuw3icJbAL1gEsxHEUvOcGOwnVZBgwKt1g==, ,https://dm6nckdz08do7.cloudfront.net/myvideo-milan.mp4,my content hosted on CloudFront,"{'Content-Type': 'video/mp4', 'Content-Length': '34082855', 'Connection': 'keep-alive', 'Last-Modified': 'Thu, 22 Jun 2023 19:56:09 GMT', 'x-amz-server-side-encryption': 'AES256', 'Accept-Ranges': 'bytes', 'Server': 'AmazonS3', 'Date': 'Thu, 22 Jun 2023 20:37:36 GMT', 'ETag': '""8ac8aa3c5414053de61f649fe776b0db-3""', 'Vary': 'Accept-Encoding', 'X-Cache': 'RefreshHit from cloudfront', 'Via': '1.1 9c0ce977a13f3d9bbc6eed6540faf728.cloudfront.net (CloudFront)', 'X-Amz-Cf-Pop': 'ZRH55-P1', 'X-Amz-Cf-Id': 'skyPIi9IPSYGCU87TzlCSuw3icJbAL1gEsxHEUvOcGOwnVZBgwKt1g=='}"
22-06-2023_22:37:40:964479,18.165.185.179,84.509, , , ,video/mp4,34082855,keep-alive,"Thu, 22 Jun 2023 20:37:42 GMT","Thu, 22 Jun 2023 19:56:09 GMT","""8ac8aa3c5414053de61f649fe776b0db-3""", ,AES256, , , ,bytes,AmazonS3, , , , ,RefreshHit from cloudfront,1.1 a9717fb92179a05f5da85fabc586e750.cloudfront.net (CloudFront),ZRH55-P1,_1rgJsZSg0Tl3iBhd8-yuD_jPItEnjLM05fxY75vI_ckctYPfG0NYw==, ,https://dm6nckdz08do7.cloudfront.net/myvideo-milan.mp4,my content hosted on CloudFront,"{'Content-Type': 'video/mp4', 'Content-Length': '34082855', 'Connection': 'keep-alive', 'Last-Modified': 'Thu, 22 Jun 2023 19:56:09 GMT', 'x-amz-server-side-encryption': 'AES256', 'Accept-Ranges': 'bytes', 'Server': 'AmazonS3', 'Date': 'Thu, 22 Jun 2023 20:37:42 GMT', 'ETag': '""8ac8aa3c5414053de61f649fe776b0db-3""', 'Vary': 'Accept-Encoding', 'X-Cache': 'RefreshHit from cloudfront', 'Via': '1.1 a9717fb92179a05f5da85fabc586e750.cloudfront.net (CloudFront)', 'X-Amz-Cf-Pop': 'ZRH55-P1', 'X-Amz-Cf-Id': '_1rgJsZSg0Tl3iBhd8-yuD_jPItEnjLM05fxY75vI_ckctYPfG0NYw=='}"
22-06-2023_22:37:46:151481,18.165.185.179,86.01599999999999, , , ,video/mp4,34082855,keep-alive,"Thu, 22 Jun 2023 20:37:47 GMT","Thu, 22 Jun 2023 19:56:09 GMT","""8ac8aa3c5414053de61f649fe776b0db-3""", ,AES256, , , ,bytes,AmazonS3, , , , ,RefreshHit from cloudfront,1.1 ff571229df9f46b01b0e434bcb36f9e6.cloudfront.net (CloudFront),ZRH55-P1,rVlcN05iHGW_y4cv0-tQoxzvn9gH2A4TCPzyRNK0OwzUkXF3DaVZFg==, ,https://dm6nckdz08do7.cloudfront.net/myvideo-milan.mp4,my content hosted on CloudFront,"{'Content-Type': 'video/mp4', 'Content-Length': '34082855', 'Connection': 'keep-alive', 'Last-Modified': 'Thu, 22 Jun 2023 19:56:09 GMT', 'x-amz-server-side-encryption': 'AES256', 'Accept-Ranges': 'bytes', 'Server': 'AmazonS3', 'Date': 'Thu, 22 Jun 2023 20:37:47 GMT', 'ETag': '""8ac8aa3c5414053de61f649fe776b0db-3""', 'Vary': 'Accept-Encoding', 'X-Cache': 'RefreshHit from cloudfront', 'Via': '1.1 ff571229df9f46b01b0e434bcb36f9e6.cloudfront.net (CloudFront)', 'X-Amz-Cf-Pop': 'ZRH55-P1', 'X-Amz-Cf-Id': 'rVlcN05iHGW_y4cv0-tQoxzvn9gH2A4TCPzyRNK0OwzUkXF3DaVZFg=='}"
22-06-2023_22:37:51:328136,18.165.185.179,81.88900000000001, , , ,video/mp4,34082855,keep-alive,"Thu, 22 Jun 2023 20:37:52 GMT","Thu, 22 Jun 2023 19:56:09 GMT","""8ac8aa3c5414053de61f649fe776b0db-3""", ,AES256, , , ,bytes,AmazonS3, , , , ,RefreshHit from cloudfront,1.1 841da31399fe7f7e7065c840a22fae0a.cloudfront.net (CloudFront),ZRH55-P1,exn6Ply5OJmwWVZ3a9U0EVOhiwLJkBtYMO_S7deEAErsSw7kbhsScQ==, ,https://dm6nckdz08do7.cloudfront.net/myvideo-milan.mp4,my content hosted on CloudFront,"{'Content-Type': 'video/mp4', 'Content-Length': '34082855', 'Connection': 'keep-alive', 'Last-Modified': 'Thu, 22 Jun 2023 19:56:09 GMT', 'x-amz-server-side-encryption': 'AES256', 'Accept-Ranges': 'bytes', 'Server': 'AmazonS3', 'Date': 'Thu, 22 Jun 2023 20:37:52 GMT', 'ETag': '""8ac8aa3c5414053de61f649fe776b0db-3""', 'Vary': 'Accept-Encoding', 'X-Cache': 'RefreshHit from cloudfront', 'Via': '1.1 841da31399fe7f7e7065c840a22fae0a.cloudfront.net (CloudFront)', 'X-Amz-Cf-Pop': 'ZRH55-P1', 'X-Amz-Cf-Id': 'exn6Ply5OJmwWVZ3a9U0EVOhiwLJkBtYMO_S7deEAErsSw7kbhsScQ=='}"
22-06-2023_22:37:56:514155,18.165.185.179,74.239, , , ,video/mp4,34082855,keep-alive,"Thu, 22 Jun 2023 20:37:57 GMT","Thu, 22 Jun 2023 19:56:09 GMT","""8ac8aa3c5414053de61f649fe776b0db-3""", ,AES256, , , ,bytes,AmazonS3, , , , ,RefreshHit from cloudfront,1.1 fec5e83bcae9ab1295b776b3f64183d0.cloudfront.net (CloudFront),ZRH55-P1,DLZcNBG-2Tama3nyLMW3stHNNBGbxdvdCLxH6VCG8qfq1B1ymfEqdg==, ,https://dm6nckdz08do7.cloudfront.net/myvideo-milan.mp4,my content hosted on CloudFront,"{'Content-Type': 'video/mp4', 'Content-Length': '34082855', 'Connection': 'keep-alive', 'Last-Modified': 'Thu, 22 Jun 2023 19:56:09 GMT', 'x-amz-server-side-encryption': 'AES256', 'Accept-Ranges': 'bytes', 'Server': 'AmazonS3', 'Date': 'Thu, 22 Jun 2023 20:37:57 GMT', 'ETag': '""8ac8aa3c5414053de61f649fe776b0db-3""', 'Vary': 'Accept-Encoding', 'X-Cache': 'RefreshHit from cloudfront', 'Via': '1.1 fec5e83bcae9ab1295b776b3f64183d0.cloudfront.net (CloudFront)', 'X-Amz-Cf-Pop': 'ZRH55-P1', 'X-Amz-Cf-Id': 'DLZcNBG-2Tama3nyLMW3stHNNBGbxdvdCLxH6VCG8qfq1B1ymfEqdg=='}"
22-06-2023_22:38:01:700295,18.165.185.179,79.727, , , ,video/mp4,34082855,keep-alive,"Thu, 22 Jun 2023 20:38:02 GMT","Thu, 22 Jun 2023 19:56:09 GMT","""8ac8aa3c5414053de61f649fe776b0db-3""", ,AES256, , , ,bytes,AmazonS3, , , , ,RefreshHit from cloudfront,1.1 6678c1810851ff197cbe3fe4c41e86a6.cloudfront.net (CloudFront),ZRH55-P1,14n17HcPoGJHQLQo4XwsasbG_S23LvEkwRQ6yR3bjKx3xCbr6uBGxg==, ,https://dm6nckdz08do7.cloudfront.net/myvideo-milan.mp4,my content hosted on CloudFront,"{'Content-Type': 'video/mp4', 'Content-Length': '34082855', 'Connection': 'keep-alive', 'Last-Modified': 'Thu, 22 Jun 2023 19:56:09 GMT', 'x-amz-server-side-encryption': 'AES256', 'Accept-Ranges': 'bytes', 'Server': 'AmazonS3', 'Date': 'Thu, 22 Jun 2023 20:38:02 GMT', 'ETag': '""8ac8aa3c5414053de61f649fe776b0db-3""', 'Vary': 'Accept-Encoding', 'X-Cache': 'RefreshHit from cloudfront', 'Via': '1.1 6678c1810851ff197cbe3fe4c41e86a6.cloudfront.net (CloudFront)', 'X-Amz-Cf-Pop': 'ZRH55-P1', 'X-Amz-Cf-Id': '14n17HcPoGJHQLQo4XwsasbG_S23LvEkwRQ6yR3bjKx3xCbr6uBGxg=='}"
22-06-2023_22:38:06:909340,18.165.185.179,92.35799999999999, , , ,video/mp4,34082855,keep-alive,"Thu, 22 Jun 2023 20:38:08 GMT","Thu, 22 Jun 2023 19:56:09 GMT","""8ac8aa3c5414053de61f649fe776b0db-3""", ,AES256, , , ,bytes,AmazonS3, , , , ,RefreshHit from cloudfront,1.1 6ea1443d3dc39c2be7c23883fb0bd3e0.cloudfront.net (CloudFront),ZRH55-P1,qrBVgROxpwbIUJzReD56mR1VT5XDNW4GqRG7WhMVx1n05UPf9Hj37g==, ,https://dm6nckdz08do7.cloudfront.net/myvideo-milan.mp4,my content hosted on CloudFront,"{'Content-Type': 'video/mp4', 'Content-Length': '34082855', 'Connection': 'keep-alive', 'Last-Modified': 'Thu, 22 Jun 2023 19:56:09 GMT', 'x-amz-server-side-encryption': 'AES256', 'Accept-Ranges': 'bytes', 'Server': 'AmazonS3', 'Date': 'Thu, 22 Jun 2023 20:38:08 GMT', 'ETag': '""8ac8aa3c5414053de61f649fe776b0db-3""', 'Vary': 'Accept-Encoding', 'X-Cache': 'RefreshHit from cloudfront', 'Via': '1.1 6ea1443d3dc39c2be7c23883fb0bd3e0.cloudfront.net (CloudFront)', 'X-Amz-Cf-Pop': 'ZRH55-P1', 'X-Amz-Cf-Id': 'qrBVgROxpwbIUJzReD56mR1VT5XDNW4GqRG7WhMVx1n05UPf9Hj37g=='}"
22-06-2023_22:38:12:101500,18.165.185.179,67.663, , , ,video/mp4,34082855,keep-alive,"Thu, 22 Jun 2023 20:38:13 GMT","Thu, 22 Jun 2023 19:56:09 GMT","""8ac8aa3c5414053de61f649fe776b0db-3""", ,AES256, , , ,bytes,AmazonS3, , , , ,RefreshHit from cloudfront,1.1 9defe0d67603d45217a1199d0f877384.cloudfront.net (CloudFront),ZRH55-P1,h_1Gkqyeacr0bj3Ngp5r-JahSKrvCNaVDE_vytlunUIt7sq491YySw==, ,https://dm6nckdz08do7.cloudfront.net/myvideo-milan.mp4,my content hosted on CloudFront,"{'Content-Type': 'video/mp4', 'Content-Length': '34082855', 'Connection': 'keep-alive', 'Last-Modified': 'Thu, 22 Jun 2023 19:56:09 GMT', 'x-amz-server-side-encryption': 'AES256', 'Accept-Ranges': 'bytes', 'Server': 'AmazonS3', 'Date': 'Thu, 22 Jun 2023 20:38:13 GMT', 'ETag': '""8ac8aa3c5414053de61f649fe776b0db-3""', 'Vary': 'Accept-Encoding', 'X-Cache': 'RefreshHit from cloudfront', 'Via': '1.1 9defe0d67603d45217a1199d0f877384.cloudfront.net (CloudFront)', 'X-Amz-Cf-Pop': 'ZRH55-P1', 'X-Amz-Cf-Id': 'h_1Gkqyeacr0bj3Ngp5r-JahSKrvCNaVDE_vytlunUIt7sq491YySw=='}"
22-06-2023_22:38:17:297547,18.165.185.179,77.92999999999999, , , ,video/mp4,34082855,keep-alive,"Thu, 22 Jun 2023 20:38:18 GMT","Thu, 22 Jun 2023 19:56:09 GMT","""8ac8aa3c5414053de61f649fe776b0db-3""", ,AES256, , , ,bytes,AmazonS3, , , , ,RefreshHit from cloudfront,1.1 8f2341b304c32ec6530aa5361edb2fe4.cloudfront.net (CloudFront),ZRH55-P1,fFxpUgl4rTLz273lhWk8Z0j86H29jlKCnjjwslSCPoowgLN7y7WS_A==, ,https://dm6nckdz08do7.cloudfront.net/myvideo-milan.mp4,my content hosted on CloudFront,"{'Content-Type': 'video/mp4', 'Content-Length': '34082855', 'Connection': 'keep-alive', 'Last-Modified': 'Thu, 22 Jun 2023 19:56:09 GMT', 'x-amz-server-side-encryption': 'AES256', 'Accept-Ranges': 'bytes', 'Server': 'AmazonS3', 'Date': 'Thu, 22 Jun 2023 20:38:18 GMT', 'ETag': '""8ac8aa3c5414053de61f649fe776b0db-3""', 'Vary': 'Accept-Encoding', 'X-Cache': 'RefreshHit from cloudfront', 'Via': '1.1 8f2341b304c32ec6530aa5361edb2fe4.cloudfront.net (CloudFront)', 'X-Amz-Cf-Pop': 'ZRH55-P1', 'X-Amz-Cf-Id': 'fFxpUgl4rTLz273lhWk8Z0j86H29jlKCnjjwslSCPoowgLN7y7WS_A=='}"
22-06-2023_22:38:22:481361,18.165.185.179,84.26899999999999, , , ,video/mp4,34082855,keep-alive,"Thu, 22 Jun 2023 20:38:23 GMT","Thu, 22 Jun 2023 19:56:09 GMT","""8ac8aa3c5414053de61f649fe776b0db-3""", ,AES256, , , ,bytes,AmazonS3, , , , ,RefreshHit from cloudfront,1.1 8f2341b304c32ec6530aa5361edb2fe4.cloudfront.net (CloudFront),ZRH55-P1,c5PAPdsSN0NDzAq1oT1r3lZFFElc3P47AF-tJ5WLGyLnetLdPFr6_w==, ,https://dm6nckdz08do7.cloudfront.net/myvideo-milan.mp4,my content hosted on CloudFront,"{'Content-Type': 'video/mp4', 'Content-Length': '34082855', 'Connection': 'keep-alive', 'Last-Modified': 'Thu, 22 Jun 2023 19:56:09 GMT', 'x-amz-server-side-encryption': 'AES256', 'Accept-Ranges': 'bytes', 'Server': 'AmazonS3', 'Date': 'Thu, 22 Jun 2023 20:38:23 GMT', 'ETag': '""8ac8aa3c5414053de61f649fe776b0db-3""', 'Vary': 'Accept-Encoding', 'X-Cache': 'RefreshHit from cloudfront', 'Via': '1.1 8f2341b304c32ec6530aa5361edb2fe4.cloudfront.net (CloudFront)', 'X-Amz-Cf-Pop': 'ZRH55-P1', 'X-Amz-Cf-Id': 'c5PAPdsSN0NDzAq1oT1r3lZFFElc3P47AF-tJ5WLGyLnetLdPFr6_w=='}"
22-06-2023_22:38:27:681489,18.165.185.179,78.816, , , ,video/mp4,34082855,keep-alive,"Thu, 22 Jun 2023 20:38:28 GMT","Thu, 22 Jun 2023 19:56:09 GMT","""8ac8aa3c5414053de61f649fe776b0db-3""", ,AES256, , , ,bytes,AmazonS3, , , , ,RefreshHit from cloudfront,1.1 9c0ce977a13f3d9bbc6eed6540faf728.cloudfront.net (CloudFront),ZRH55-P1,IPvhJDnwOsHOstdF7k1B8Bwv2Z4lb_-0R49C_umen4E3VyRfRu-9nw==, ,https://dm6nckdz08do7.cloudfront.net/myvideo-milan.mp4,my content hosted on CloudFront,"{'Content-Type': 'video/mp4', 'Content-Length': '34082855', 'Connection': 'keep-alive', 'Last-Modified': 'Thu, 22 Jun 2023 19:56:09 GMT', 'x-amz-server-side-encryption': 'AES256', 'Accept-Ranges': 'bytes', 'Server': 'AmazonS3', 'Date': 'Thu, 22 Jun 2023 20:38:28 GMT', 'ETag': '""8ac8aa3c5414053de61f649fe776b0db-3""', 'Vary': 'Accept-Encoding', 'X-Cache': 'RefreshHit from cloudfront', 'Via': '1.1 9c0ce977a13f3d9bbc6eed6540faf728.cloudfront.net (CloudFront)', 'X-Amz-Cf-Pop': 'ZRH55-P1', 'X-Amz-Cf-Id': 'IPvhJDnwOsHOstdF7k1B8Bwv2Z4lb_-0R49C_umen4E3VyRfRu-9nw=='}"
22-06-2023_22:38:32:874740,18.165.185.179,77.875, , , ,video/mp4,34082855,keep-alive,"Thu, 22 Jun 2023 20:38:34 GMT","Thu, 22 Jun 2023 19:56:09 GMT","""8ac8aa3c5414053de61f649fe776b0db-3""", ,AES256, , , ,bytes,AmazonS3, , , , ,RefreshHit from cloudfront,1.1 fec5e83bcae9ab1295b776b3f64183d0.cloudfront.net (CloudFront),ZRH55-P1,3ta4xd3vJw3cqDsYnxHbmiUMJzPSTWaiarmMowDidrbVQS1d3oDQ6g==, ,https://dm6nckdz08do7.cloudfront.net/myvideo-milan.mp4,my content hosted on CloudFront,"{'Content-Type': 'video/mp4', 'Content-Length': '34082855', 'Connection': 'keep-alive', 'Last-Modified': 'Thu, 22 Jun 2023 19:56:09 GMT', 'x-amz-server-side-encryption': 'AES256', 'Accept-Ranges': 'bytes', 'Server': 'AmazonS3', 'Date': 'Thu, 22 Jun 2023 20:38:34 GMT', 'ETag': '""8ac8aa3c5414053de61f649fe776b0db-3""', 'Vary': 'Accept-Encoding', 'X-Cache': 'RefreshHit from cloudfront', 'Via': '1.1 fec5e83bcae9ab1295b776b3f64183d0.cloudfront.net (CloudFront)', 'X-Amz-Cf-Pop': 'ZRH55-P1', 'X-Amz-Cf-Id': '3ta4xd3vJw3cqDsYnxHbmiUMJzPSTWaiarmMowDidrbVQS1d3oDQ6g=='}"
22-06-2023_22:38:38:085851,18.165.185.179,79.899, , , ,video/mp4,34082855,keep-alive,"Thu, 22 Jun 2023 20:38:39 GMT","Thu, 22 Jun 2023 19:56:09 GMT","""8ac8aa3c5414053de61f649fe776b0db-3""", ,AES256, , , ,bytes,AmazonS3, , , , ,RefreshHit from cloudfront,1.1 f6d3d027dc70c7291c2f685efb187ab2.cloudfront.net (CloudFront),ZRH55-P1,wRa1QJi_mJXa0LLbmRU5zcT7FgQQLg12d8LmySYRTQz8G2zao3pdQA==, ,https://dm6nckdz08do7.cloudfront.net/myvideo-milan.mp4,my content hosted on CloudFront,"{'Content-Type': 'video/mp4', 'Content-Length': '34082855', 'Connection': 'keep-alive', 'Last-Modified': 'Thu, 22 Jun 2023 19:56:09 GMT', 'x-amz-server-side-encryption': 'AES256', 'Accept-Ranges': 'bytes', 'Server': 'AmazonS3', 'Date': 'Thu, 22 Jun 2023 20:38:39 GMT', 'ETag': '""8ac8aa3c5414053de61f649fe776b0db-3""', 'Vary': 'Accept-Encoding', 'X-Cache': 'RefreshHit from cloudfront', 'Via': '1.1 f6d3d027dc70c7291c2f685efb187ab2.cloudfront.net (CloudFront)', 'X-Amz-Cf-Pop': 'ZRH55-P1', 'X-Amz-Cf-Id': 'wRa1QJi_mJXa0LLbmRU5zcT7FgQQLg12d8LmySYRTQz8G2zao3pdQA=='}"
22-06-2023_22:38:43:292577,18.165.185.179,86.313, , , ,video/mp4,34082855,keep-alive,"Thu, 22 Jun 2023 20:38:44 GMT","Thu, 22 Jun 2023 19:56:09 GMT","""8ac8aa3c5414053de61f649fe776b0db-3""", ,AES256, , , ,bytes,AmazonS3, , , , ,RefreshHit from cloudfront,1.1 df9ce120cad525bdb160f75cd7b807c2.cloudfront.net (CloudFront),ZRH55-P1,IZrdZKUAU-5fSz5vN3u4j8Yaj2c0iT35aQJNOT0GmmDMy3f1F6hv4g==, ,https://dm6nckdz08do7.cloudfront.net/myvideo-milan.mp4,my content hosted on CloudFront,"{'Content-Type': 'video/mp4', 'Content-Length': '34082855', 'Connection': 'keep-alive', 'Last-Modified': 'Thu, 22 Jun 2023 19:56:09 GMT', 'x-amz-server-side-encryption': 'AES256', 'Accept-Ranges': 'bytes', 'Server': 'AmazonS3', 'Date': 'Thu, 22 Jun 2023 20:38:44 GMT', 'ETag': '""8ac8aa3c5414053de61f649fe776b0db-3""', 'Vary': 'Accept-Encoding', 'X-Cache': 'RefreshHit from cloudfront', 'Via': '1.1 df9ce120cad525bdb160f75cd7b807c2.cloudfront.net (CloudFront)', 'X-Amz-Cf-Pop': 'ZRH55-P1', 'X-Amz-Cf-Id': 'IZrdZKUAU-5fSz5vN3u4j8Yaj2c0iT35aQJNOT0GmmDMy3f1F6hv4g=='}"
22-06-2023_22:38:48:491340,18.165.185.179,76.974, , , ,video/mp4,34082855,keep-alive,"Thu, 22 Jun 2023 20:38:49 GMT","Thu, 22 Jun 2023 19:56:09 GMT","""8ac8aa3c5414053de61f649fe776b0db-3""", ,AES256, , , ,bytes,AmazonS3, , , , ,RefreshHit from cloudfront,1.1 9c0ce977a13f3d9bbc6eed6540faf728.cloudfront.net (CloudFront),ZRH55-P1,6EQk2ub4cmVbP5Jc5ZoQe-vafH_jtxbpG4q3PQw9_EIn3eJBxFinwQ==, ,https://dm6nckdz08do7.cloudfront.net/myvideo-milan.mp4,my content hosted on CloudFront,"{'Content-Type': 'video/mp4', 'Content-Length': '34082855', 'Connection': 'keep-alive', 'Last-Modified': 'Thu, 22 Jun 2023 19:56:09 GMT', 'x-amz-server-side-encryption': 'AES256', 'Accept-Ranges': 'bytes', 'Server': 'AmazonS3', 'Date': 'Thu, 22 Jun 2023 20:38:49 GMT', 'ETag': '""8ac8aa3c5414053de61f649fe776b0db-3""', 'Vary': 'Accept-Encoding', 'X-Cache': 'RefreshHit from cloudfront', 'Via': '1.1 9c0ce977a13f3d9bbc6eed6540faf728.cloudfront.net (CloudFront)', 'X-Amz-Cf-Pop': 'ZRH55-P1', 'X-Amz-Cf-Id': '6EQk2ub4cmVbP5Jc5ZoQe-vafH_jtxbpG4q3PQw9_EIn3eJBxFinwQ=='}"
