timestamp(dd-mm-yyyy hh:mm:ss:ms),responseIP,latency(ms),traceroute_ips,traceroute_hnames,hop count,Content-Type,Content-Length,Connection,Date,Last-Modified,ETag,x-amz-storage-class,x-amz-server-side-encryption,x-amz-meta-dv-checksum-sha-1,x-amz-meta-dv-checksum-md5,x-amz-meta-dv-checksum-sha-256,Accept-Ranges,Server,X-Server-IP,X-Server-IP_hops,X-Server-IP_hnames,X-Server-IP_hopcount,X-Cache,Via,X-Amz-Cf-Pop,X-Amz-Cf-Id,Age,url,info,reasponseHeaders
22-06-2023_16:33:34:588108,18.165.185.125,869.688, , , ,video/mp4,34082855,keep-alive,"Thu, 22 Jun 2023 14:33:36 GMT","Thu, 22 Jun 2023 10:01:02 GMT","""8ac8aa3c5414053de61f649fe776b0db-3""", ,AES256, , , ,bytes,AmazonS3, , , , ,RefreshHit from cloudfront,1.1 d75d7156b5e1833582c3070298720664.cloudfront.net (CloudFront),ZRH55-P1,SBJ3rtsAxSbds4f63Qm6PBBb6Nx_d2-5LzNgxZBniI6TTMaW347sog==, ,https://d36mvgiamk5bf0.cloudfront.net/myvideo-california.mp4,my content hosted on CloudFront,"{'Content-Type': 'video/mp4', 'Content-Length': '34082855', 'Connection': 'keep-alive', 'Last-Modified': 'Thu, 22 Jun 2023 10:01:02 GMT', 'x-amz-server-side-encryption': 'AES256', 'Accept-Ranges': 'bytes', 'Server': 'AmazonS3', 'Date': 'Thu, 22 Jun 2023 14:33:36 GMT', 'ETag': '""8ac8aa3c5414053de61f649fe776b0db-3""', 'Vary': 'Accept-Encoding', 'X-Cache': 'RefreshHit from cloudfront', 'Via': '1.1 d75d7156b5e1833582c3070298720664.cloudfront.net (CloudFront)', 'X-Amz-Cf-Pop': 'ZRH55-P1', 'X-Amz-Cf-Id': 'SBJ3rtsAxSbds4f63Qm6PBBb6Nx_d2-5LzNgxZBniI6TTMaW347sog=='}"
22-06-2023_16:33:42:476854,18.165.185.125,846.527, , , ,video/mp4,34082855,keep-alive,"Thu, 22 Jun 2023 14:33:44 GMT","Thu, 22 Jun 2023 10:01:02 GMT","""8ac8aa3c5414053de61f649fe776b0db-3""", ,AES256, , , ,bytes,AmazonS3, , , , ,RefreshHit from cloudfront,1.1 abd012b9637ad93b7c9aa82d2cfb262c.cloudfront.net (CloudFront),ZRH55-P1,QAcdQ-s8FpTkUv32HfpWuuuR6flvzSIc2Ta4IEc6juUdjTaY-AMApA==, ,https://d36mvgiamk5bf0.cloudfront.net/myvideo-california.mp4,my content hosted on CloudFront,"{'Content-Type': 'video/mp4', 'Content-Length': '34082855', 'Connection': 'keep-alive', 'Last-Modified': 'Thu, 22 Jun 2023 10:01:02 GMT', 'x-amz-server-side-encryption': 'AES256', 'Accept-Ranges': 'bytes', 'Server': 'AmazonS3', 'Date': 'Thu, 22 Jun 2023 14:33:44 GMT', 'ETag': '""8ac8aa3c5414053de61f649fe776b0db-3""', 'Vary': 'Accept-Encoding', 'X-Cache': 'RefreshHit from cloudfront', 'Via': '1.1 abd012b9637ad93b7c9aa82d2cfb262c.cloudfront.net (CloudFront)', 'X-Amz-Cf-Pop': 'ZRH55-P1', 'X-Amz-Cf-Id': 'QAcdQ-s8FpTkUv32HfpWuuuR6flvzSIc2Ta4IEc6juUdjTaY-AMApA=='}"
22-06-2023_16:33:50:334999,18.165.185.221,849.287, , , ,video/mp4,34082855,keep-alive,"Thu, 22 Jun 2023 14:33:52 GMT","Thu, 22 Jun 2023 10:01:02 GMT","""8ac8aa3c5414053de61f649fe776b0db-3""", ,AES256, , , ,bytes,AmazonS3, , , , ,RefreshHit from cloudfront,1.1 6678c1810851ff197cbe3fe4c41e86a6.cloudfront.net (CloudFront),ZRH55-P1,oGv8UHQsY-q_AHCVabIJg3XqZBUTIsk2Bizx2qingSkhjRX2Tn4bQA==, ,https://d36mvgiamk5bf0.cloudfront.net/myvideo-california.mp4,my content hosted on CloudFront,"{'Content-Type': 'video/mp4', 'Content-Length': '34082855', 'Connection': 'keep-alive', 'Last-Modified': 'Thu, 22 Jun 2023 10:01:02 GMT', 'x-amz-server-side-encryption': 'AES256', 'Accept-Ranges': 'bytes', 'Server': 'AmazonS3', 'Date': 'Thu, 22 Jun 2023 14:33:52 GMT', 'ETag': '""8ac8aa3c5414053de61f649fe776b0db-3""', 'Vary': 'Accept-Encoding', 'X-Cache': 'RefreshHit from cloudfront', 'Via': '1.1 6678c1810851ff197cbe3fe4c41e86a6.cloudfront.net (CloudFront)', 'X-Amz-Cf-Pop': 'ZRH55-P1', 'X-Amz-Cf-Id': 'oGv8UHQsY-q_AHCVabIJg3XqZBUTIsk2Bizx2qingSkhjRX2Tn4bQA=='}"
22-06-2023_16:33:58:204830,18.165.185.221,861.447, , , ,video/mp4,34082855,keep-alive,"Thu, 22 Jun 2023 14:34:00 GMT","Thu, 22 Jun 2023 10:01:02 GMT","""8ac8aa3c5414053de61f649fe776b0db-3""", ,AES256, , , ,bytes,AmazonS3, , , , ,RefreshHit from cloudfront,1.1 3d994808da6a9ce8c9e7b1364fa689ea.cloudfront.net (CloudFront),ZRH55-P1,P9r3Gn1OTbqpH_3IJk0GsENxarNT6wbIaFKgRDEy4xDVztI_4NnpTQ==, ,https://d36mvgiamk5bf0.cloudfront.net/myvideo-california.mp4,my content hosted on CloudFront,"{'Content-Type': 'video/mp4', 'Content-Length': '34082855', 'Connection': 'keep-alive', 'Last-Modified': 'Thu, 22 Jun 2023 10:01:02 GMT', 'x-amz-server-side-encryption': 'AES256', 'Accept-Ranges': 'bytes', 'Server': 'AmazonS3', 'Date': 'Thu, 22 Jun 2023 14:34:00 GMT', 'ETag': '""8ac8aa3c5414053de61f649fe776b0db-3""', 'Vary': 'Accept-Encoding', 'X-Cache': 'RefreshHit from cloudfront', 'Via': '1.1 3d994808da6a9ce8c9e7b1364fa689ea.cloudfront.net (CloudFront)', 'X-Amz-Cf-Pop': 'ZRH55-P1', 'X-Amz-Cf-Id': 'P9r3Gn1OTbqpH_3IJk0GsENxarNT6wbIaFKgRDEy4xDVztI_4NnpTQ=='}"
22-06-2023_16:34:06:006754,18.165.185.221,863.9879999999999, , , ,video/mp4,34082855,keep-alive,"Thu, 22 Jun 2023 14:34:07 GMT","Thu, 22 Jun 2023 10:01:02 GMT","""8ac8aa3c5414053de61f649fe776b0db-3""", ,AES256, , , ,bytes,AmazonS3, , , , ,RefreshHit from cloudfront,1.1 ca6974974a9175b71fb6a84145111ed2.cloudfront.net (CloudFront),ZRH55-P1,PErxzMnLOTYTVDrsomkUiwmqYNqUqlpIRuZDcQZbGn2ar6adUZPUUg==, ,https://d36mvgiamk5bf0.cloudfront.net/myvideo-california.mp4,my content hosted on CloudFront,"{'Content-Type': 'video/mp4', 'Content-Length': '34082855', 'Connection': 'keep-alive', 'Last-Modified': 'Thu, 22 Jun 2023 10:01:02 GMT', 'x-amz-server-side-encryption': 'AES256', 'Accept-Ranges': 'bytes', 'Server': 'AmazonS3', 'Date': 'Thu, 22 Jun 2023 14:34:07 GMT', 'ETag': '""8ac8aa3c5414053de61f649fe776b0db-3""', 'Vary': 'Accept-Encoding', 'X-Cache': 'RefreshHit from cloudfront', 'Via': '1.1 ca6974974a9175b71fb6a84145111ed2.cloudfront.net (CloudFront)', 'X-Amz-Cf-Pop': 'ZRH55-P1', 'X-Amz-Cf-Id': 'PErxzMnLOTYTVDrsomkUiwmqYNqUqlpIRuZDcQZbGn2ar6adUZPUUg=='}"
22-06-2023_16:34:13:888506,18.165.185.221,847.409, , , ,video/mp4,34082855,keep-alive,"Thu, 22 Jun 2023 14:34:15 GMT","Thu, 22 Jun 2023 10:01:02 GMT","""8ac8aa3c5414053de61f649fe776b0db-3""", ,AES256, , , ,bytes,AmazonS3, , , , ,RefreshHit from cloudfront,1.1 841da31399fe7f7e7065c840a22fae0a.cloudfront.net (CloudFront),ZRH55-P1,0E3bWhUB3ybozyv2qear-T2kAtTKkCF-jWTZscFVEbb7hZnUrEuI0g==, ,https://d36mvgiamk5bf0.cloudfront.net/myvideo-california.mp4,my content hosted on CloudFront,"{'Content-Type': 'video/mp4', 'Content-Length': '34082855', 'Connection': 'keep-alive', 'Last-Modified': 'Thu, 22 Jun 2023 10:01:02 GMT', 'x-amz-server-side-encryption': 'AES256', 'Accept-Ranges': 'bytes', 'Server': 'AmazonS3', 'Date': 'Thu, 22 Jun 2023 14:34:15 GMT', 'ETag': '""8ac8aa3c5414053de61f649fe776b0db-3""', 'Vary': 'Accept-Encoding', 'X-Cache': 'RefreshHit from cloudfront', 'Via': '1.1 841da31399fe7f7e7065c840a22fae0a.cloudfront.net (CloudFront)', 'X-Amz-Cf-Pop': 'ZRH55-P1', 'X-Amz-Cf-Id': '0E3bWhUB3ybozyv2qear-T2kAtTKkCF-jWTZscFVEbb7hZnUrEuI0g=='}"
22-06-2023_16:34:21:749063,18.165.185.221,858.9069999999999, , , ,video/mp4,34082855,keep-alive,"Thu, 22 Jun 2023 14:34:23 GMT","Thu, 22 Jun 2023 10:01:02 GMT","""8ac8aa3c5414053de61f649fe776b0db-3""", ,AES256, , , ,bytes,AmazonS3, , , , ,RefreshHit from cloudfront,1.1 df9ce120cad525bdb160f75cd7b807c2.cloudfront.net (CloudFront),ZRH55-P1,Itmjx9fstbcVxhwc1J9DbNVu_p0Yj5iBzN5aj4k5BUm-JJI6b7PbNA==, ,https://d36mvgiamk5bf0.cloudfront.net/myvideo-california.mp4,my content hosted on CloudFront,"{'Content-Type': 'video/mp4', 'Content-Length': '34082855', 'Connection': 'keep-alive', 'Last-Modified': 'Thu, 22 Jun 2023 10:01:02 GMT', 'x-amz-server-side-encryption': 'AES256', 'Accept-Ranges': 'bytes', 'Server': 'AmazonS3', 'Date': 'Thu, 22 Jun 2023 14:34:23 GMT', 'ETag': '""8ac8aa3c5414053de61f649fe776b0db-3""', 'Vary': 'Accept-Encoding', 'X-Cache': 'RefreshHit from cloudfront', 'Via': '1.1 df9ce120cad525bdb160f75cd7b807c2.cloudfront.net (CloudFront)', 'X-Amz-Cf-Pop': 'ZRH55-P1', 'X-Amz-Cf-Id': 'Itmjx9fstbcVxhwc1J9DbNVu_p0Yj5iBzN5aj4k5BUm-JJI6b7PbNA=='}"
22-06-2023_16:34:29:623204,18.165.185.221,854.765, , , ,video/mp4,34082855,keep-alive,"Thu, 22 Jun 2023 14:34:31 GMT","Thu, 22 Jun 2023 10:01:02 GMT","""8ac8aa3c5414053de61f649fe776b0db-3""", ,AES256, , , ,bytes,AmazonS3, , , , ,RefreshHit from cloudfront,1.1 e042bf1e56617a2fbe098f111a30b514.cloudfront.net (CloudFront),ZRH55-P1,cBE6WqsofTblFubjWxWyhiFZf5f6dfdsofCxVcvlwK0jX_aHJWAJIg==, ,https://d36mvgiamk5bf0.cloudfront.net/myvideo-california.mp4,my content hosted on CloudFront,"{'Content-Type': 'video/mp4', 'Content-Length': '34082855', 'Connection': 'keep-alive', 'Last-Modified': 'Thu, 22 Jun 2023 10:01:02 GMT', 'x-amz-server-side-encryption': 'AES256', 'Accept-Ranges': 'bytes', 'Server': 'AmazonS3', 'Date': 'Thu, 22 Jun 2023 14:34:31 GMT', 'ETag': '""8ac8aa3c5414053de61f649fe776b0db-3""', 'Vary': 'Accept-Encoding', 'X-Cache': 'RefreshHit from cloudfront', 'Via': '1.1 e042bf1e56617a2fbe098f111a30b514.cloudfront.net (CloudFront)', 'X-Amz-Cf-Pop': 'ZRH55-P1', 'X-Amz-Cf-Id': 'cBE6WqsofTblFubjWxWyhiFZf5f6dfdsofCxVcvlwK0jX_aHJWAJIg=='}"
22-06-2023_16:34:37:492627,18.165.185.221,885.769, , , ,video/mp4,34082855,keep-alive,"Thu, 22 Jun 2023 14:34:39 GMT","Thu, 22 Jun 2023 10:01:02 GMT","""8ac8aa3c5414053de61f649fe776b0db-3""", ,AES256, , , ,bytes,AmazonS3, , , , ,RefreshHit from cloudfront,1.1 d75d7156b5e1833582c3070298720664.cloudfront.net (CloudFront),ZRH55-P1,Jf6qb5W7vUhf4rh9_LqSeV8ag97Tq7FhGuaI2kDG5N5wFZ7YyYN1xg==, ,https://d36mvgiamk5bf0.cloudfront.net/myvideo-california.mp4,my content hosted on CloudFront,"{'Content-Type': 'video/mp4', 'Content-Length': '34082855', 'Connection': 'keep-alive', 'Last-Modified': 'Thu, 22 Jun 2023 10:01:02 GMT', 'x-amz-server-side-encryption': 'AES256', 'Accept-Ranges': 'bytes', 'Server': 'AmazonS3', 'Date': 'Thu, 22 Jun 2023 14:34:39 GMT', 'ETag': '""8ac8aa3c5414053de61f649fe776b0db-3""', 'Vary': 'Accept-Encoding', 'X-Cache': 'RefreshHit from cloudfront', 'Via': '1.1 d75d7156b5e1833582c3070298720664.cloudfront.net (CloudFront)', 'X-Amz-Cf-Pop': 'ZRH55-P1', 'X-Amz-Cf-Id': 'Jf6qb5W7vUhf4rh9_LqSeV8ag97Tq7FhGuaI2kDG5N5wFZ7YyYN1xg=='}"
22-06-2023_16:34:45:392809,18.165.185.221,849.204, , , ,video/mp4,34082855,keep-alive,"Thu, 22 Jun 2023 14:34:47 GMT","Thu, 22 Jun 2023 10:01:02 GMT","""8ac8aa3c5414053de61f649fe776b0db-3""", ,AES256, , , ,bytes,AmazonS3, , , , ,RefreshHit from cloudfront,1.1 ff571229df9f46b01b0e434bcb36f9e6.cloudfront.net (CloudFront),ZRH55-P1,38k20S_LDxH09M6I-mmO1Hw-7Y7dSz81hjSW8ZBK2eXOC2AOtl9s_w==, ,https://d36mvgiamk5bf0.cloudfront.net/myvideo-california.mp4,my content hosted on CloudFront,"{'Content-Type': 'video/mp4', 'Content-Length': '34082855', 'Connection': 'keep-alive', 'Last-Modified': 'Thu, 22 Jun 2023 10:01:02 GMT', 'x-amz-server-side-encryption': 'AES256', 'Accept-Ranges': 'bytes', 'Server': 'AmazonS3', 'Date': 'Thu, 22 Jun 2023 14:34:47 GMT', 'ETag': '""8ac8aa3c5414053de61f649fe776b0db-3""', 'Vary': 'Accept-Encoding', 'X-Cache': 'RefreshHit from cloudfront', 'Via': '1.1 ff571229df9f46b01b0e434bcb36f9e6.cloudfront.net (CloudFront)', 'X-Amz-Cf-Pop': 'ZRH55-P1', 'X-Amz-Cf-Id': '38k20S_LDxH09M6I-mmO1Hw-7Y7dSz81hjSW8ZBK2eXOC2AOtl9s_w=='}"
22-06-2023_16:34:53:256416,18.165.185.221,845.9830000000001, , , ,video/mp4,34082855,keep-alive,"Thu, 22 Jun 2023 14:34:55 GMT","Thu, 22 Jun 2023 10:01:02 GMT","""8ac8aa3c5414053de61f649fe776b0db-3""", ,AES256, , , ,bytes,AmazonS3, , , , ,RefreshHit from cloudfront,1.1 f6d3d027dc70c7291c2f685efb187ab2.cloudfront.net (CloudFront),ZRH55-P1,ynGj-HuhiQCTxjXD31cJGlzQsJ5mIML6tioP-de4c6JeLHAt8SFimw==, ,https://d36mvgiamk5bf0.cloudfront.net/myvideo-california.mp4,my content hosted on CloudFront,"{'Content-Type': 'video/mp4', 'Content-Length': '34082855', 'Connection': 'keep-alive', 'Last-Modified': 'Thu, 22 Jun 2023 10:01:02 GMT', 'x-amz-server-side-encryption': 'AES256', 'Accept-Ranges': 'bytes', 'Server': 'AmazonS3', 'Date': 'Thu, 22 Jun 2023 14:34:55 GMT', 'ETag': '""8ac8aa3c5414053de61f649fe776b0db-3""', 'Vary': 'Accept-Encoding', 'X-Cache': 'RefreshHit from cloudfront', 'Via': '1.1 f6d3d027dc70c7291c2f685efb187ab2.cloudfront.net (CloudFront)', 'X-Amz-Cf-Pop': 'ZRH55-P1', 'X-Amz-Cf-Id': 'ynGj-HuhiQCTxjXD31cJGlzQsJ5mIML6tioP-de4c6JeLHAt8SFimw=='}"
22-06-2023_16:35:01:117409,18.165.185.125,850.942, , , ,video/mp4,34082855,keep-alive,"Thu, 22 Jun 2023 14:35:03 GMT","Thu, 22 Jun 2023 10:01:02 GMT","""8ac8aa3c5414053de61f649fe776b0db-3""", ,AES256, , , ,bytes,AmazonS3, , , , ,RefreshHit from cloudfront,1.1 ca6974974a9175b71fb6a84145111ed2.cloudfront.net (CloudFront),ZRH55-P1,Wy8_s2tR7MHFekv6zGks3UTJev6PydJGTzAYLTyA1XubWapr4lfjFw==, ,https://d36mvgiamk5bf0.cloudfront.net/myvideo-california.mp4,my content hosted on CloudFront,"{'Content-Type': 'video/mp4', 'Content-Length': '34082855', 'Connection': 'keep-alive', 'Last-Modified': 'Thu, 22 Jun 2023 10:01:02 GMT', 'x-amz-server-side-encryption': 'AES256', 'Accept-Ranges': 'bytes', 'Server': 'AmazonS3', 'Date': 'Thu, 22 Jun 2023 14:35:03 GMT', 'ETag': '""8ac8aa3c5414053de61f649fe776b0db-3""', 'Vary': 'Accept-Encoding', 'X-Cache': 'RefreshHit from cloudfront', 'Via': '1.1 ca6974974a9175b71fb6a84145111ed2.cloudfront.net (CloudFront)', 'X-Amz-Cf-Pop': 'ZRH55-P1', 'X-Amz-Cf-Id': 'Wy8_s2tR7MHFekv6zGks3UTJev6PydJGTzAYLTyA1XubWapr4lfjFw=='}"
22-06-2023_16:35:09:007962,18.165.185.125,854.555, , , ,video/mp4,34082855,keep-alive,"Thu, 22 Jun 2023 14:35:10 GMT","Thu, 22 Jun 2023 10:01:02 GMT","""8ac8aa3c5414053de61f649fe776b0db-3""", ,AES256, , , ,bytes,AmazonS3, , , , ,RefreshHit from cloudfront,1.1 2177a1d449a3e8dc7269040f15d81cb0.cloudfront.net (CloudFront),ZRH55-P1,l6KhzoCjXrGFavmRnvRUDnmTbZey3Vg1Q9mic2iSzagDqq73ffUOPQ==, ,https://d36mvgiamk5bf0.cloudfront.net/myvideo-california.mp4,my content hosted on CloudFront,"{'Content-Type': 'video/mp4', 'Content-Length': '34082855', 'Connection': 'keep-alive', 'Last-Modified': 'Thu, 22 Jun 2023 10:01:02 GMT', 'x-amz-server-side-encryption': 'AES256', 'Accept-Ranges': 'bytes', 'Server': 'AmazonS3', 'Date': 'Thu, 22 Jun 2023 14:35:10 GMT', 'ETag': '""8ac8aa3c5414053de61f649fe776b0db-3""', 'Vary': 'Accept-Encoding', 'X-Cache': 'RefreshHit from cloudfront', 'Via': '1.1 2177a1d449a3e8dc7269040f15d81cb0.cloudfront.net (CloudFront)', 'X-Amz-Cf-Pop': 'ZRH55-P1', 'X-Amz-Cf-Id': 'l6KhzoCjXrGFavmRnvRUDnmTbZey3Vg1Q9mic2iSzagDqq73ffUOPQ=='}"
22-06-2023_16:35:16:880009,18.165.185.125,852.615, , , ,video/mp4,34082855,keep-alive,"Thu, 22 Jun 2023 14:35:18 GMT","Thu, 22 Jun 2023 10:01:02 GMT","""8ac8aa3c5414053de61f649fe776b0db-3""", ,AES256, , , ,bytes,AmazonS3, , , , ,RefreshHit from cloudfront,1.1 8f2341b304c32ec6530aa5361edb2fe4.cloudfront.net (CloudFront),ZRH55-P1,FEUP1j0vFid7X7ZctwASkLY0QMNw2NI3rlcepCrBaS2V49MN9KoDlw==, ,https://d36mvgiamk5bf0.cloudfront.net/myvideo-california.mp4,my content hosted on CloudFront,"{'Content-Type': 'video/mp4', 'Content-Length': '34082855', 'Connection': 'keep-alive', 'Last-Modified': 'Thu, 22 Jun 2023 10:01:02 GMT', 'x-amz-server-side-encryption': 'AES256', 'Accept-Ranges': 'bytes', 'Server': 'AmazonS3', 'Date': 'Thu, 22 Jun 2023 14:35:18 GMT', 'ETag': '""8ac8aa3c5414053de61f649fe776b0db-3""', 'Vary': 'Accept-Encoding', 'X-Cache': 'RefreshHit from cloudfront', 'Via': '1.1 8f2341b304c32ec6530aa5361edb2fe4.cloudfront.net (CloudFront)', 'X-Amz-Cf-Pop': 'ZRH55-P1', 'X-Amz-Cf-Id': 'FEUP1j0vFid7X7ZctwASkLY0QMNw2NI3rlcepCrBaS2V49MN9KoDlw=='}"
22-06-2023_16:35:24:750843,18.165.185.125,860.68, , , ,video/mp4,34082855,keep-alive,"Thu, 22 Jun 2023 14:35:26 GMT","Thu, 22 Jun 2023 10:01:02 GMT","""8ac8aa3c5414053de61f649fe776b0db-3""", ,AES256, , , ,bytes,AmazonS3, , , , ,RefreshHit from cloudfront,1.1 fec5e83bcae9ab1295b776b3f64183d0.cloudfront.net (CloudFront),ZRH55-P1,FgOOr4V4QxyOn0UrIdDVUS5RYd83XCeiX7DvV0fE-igEnxYGhAXhow==, ,https://d36mvgiamk5bf0.cloudfront.net/myvideo-california.mp4,my content hosted on CloudFront,"{'Content-Type': 'video/mp4', 'Content-Length': '34082855', 'Connection': 'keep-alive', 'Last-Modified': 'Thu, 22 Jun 2023 10:01:02 GMT', 'x-amz-server-side-encryption': 'AES256', 'Accept-Ranges': 'bytes', 'Server': 'AmazonS3', 'Date': 'Thu, 22 Jun 2023 14:35:26 GMT', 'ETag': '""8ac8aa3c5414053de61f649fe776b0db-3""', 'Vary': 'Accept-Encoding', 'X-Cache': 'RefreshHit from cloudfront', 'Via': '1.1 fec5e83bcae9ab1295b776b3f64183d0.cloudfront.net (CloudFront)', 'X-Amz-Cf-Pop': 'ZRH55-P1', 'X-Amz-Cf-Id': 'FgOOr4V4QxyOn0UrIdDVUS5RYd83XCeiX7DvV0fE-igEnxYGhAXhow=='}"
22-06-2023_16:35:32:627288,18.165.185.125,883.091, , , ,video/mp4,34082855,keep-alive,"Thu, 22 Jun 2023 14:35:34 GMT","Thu, 22 Jun 2023 10:01:02 GMT","""8ac8aa3c5414053de61f649fe776b0db-3""", ,AES256, , , ,bytes,AmazonS3, , , , ,RefreshHit from cloudfront,1.1 3c2af29a416fc74eb3d104df3f808fdc.cloudfront.net (CloudFront),ZRH55-P1,trmFxCdEyexrRxcRoUEUb6t_wsklMTZJxCOugoYnAmY923B0YpEjQg==, ,https://d36mvgiamk5bf0.cloudfront.net/myvideo-california.mp4,my content hosted on CloudFront,"{'Content-Type': 'video/mp4', 'Content-Length': '34082855', 'Connection': 'keep-alive', 'Last-Modified': 'Thu, 22 Jun 2023 10:01:02 GMT', 'x-amz-server-side-encryption': 'AES256', 'Accept-Ranges': 'bytes', 'Server': 'AmazonS3', 'Date': 'Thu, 22 Jun 2023 14:35:34 GMT', 'ETag': '""8ac8aa3c5414053de61f649fe776b0db-3""', 'Vary': 'Accept-Encoding', 'X-Cache': 'RefreshHit from cloudfront', 'Via': '1.1 3c2af29a416fc74eb3d104df3f808fdc.cloudfront.net (CloudFront)', 'X-Amz-Cf-Pop': 'ZRH55-P1', 'X-Amz-Cf-Id': 'trmFxCdEyexrRxcRoUEUb6t_wsklMTZJxCOugoYnAmY923B0YpEjQg=='}"
22-06-2023_16:35:40:522763,18.165.185.125,855.7249999999999, , , ,video/mp4,34082855,keep-alive,"Thu, 22 Jun 2023 14:35:42 GMT","Thu, 22 Jun 2023 10:01:02 GMT","""8ac8aa3c5414053de61f649fe776b0db-3""", ,AES256, , , ,bytes,AmazonS3, , , , ,RefreshHit from cloudfront,1.1 9f25aa45df27e50f380232059fde4c1a.cloudfront.net (CloudFront),ZRH55-P1,QHehV2DeoD3FIY2pIs_6EPisqbuOT2bfHUYDNTVb8pmYod70ZN0sZg==, ,https://d36mvgiamk5bf0.cloudfront.net/myvideo-california.mp4,my content hosted on CloudFront,"{'Content-Type': 'video/mp4', 'Content-Length': '34082855', 'Connection': 'keep-alive', 'Last-Modified': 'Thu, 22 Jun 2023 10:01:02 GMT', 'x-amz-server-side-encryption': 'AES256', 'Accept-Ranges': 'bytes', 'Server': 'AmazonS3', 'Date': 'Thu, 22 Jun 2023 14:35:42 GMT', 'ETag': '""8ac8aa3c5414053de61f649fe776b0db-3""', 'Vary': 'Accept-Encoding', 'X-Cache': 'RefreshHit from cloudfront', 'Via': '1.1 9f25aa45df27e50f380232059fde4c1a.cloudfront.net (CloudFront)', 'X-Amz-Cf-Pop': 'ZRH55-P1', 'X-Amz-Cf-Id': 'QHehV2DeoD3FIY2pIs_6EPisqbuOT2bfHUYDNTVb8pmYod70ZN0sZg=='}"
22-06-2023_16:35:48:395996,18.165.185.125,852.0060000000001, , , ,video/mp4,34082855,keep-alive,"Thu, 22 Jun 2023 14:35:50 GMT","Thu, 22 Jun 2023 10:01:02 GMT","""8ac8aa3c5414053de61f649fe776b0db-3""", ,AES256, , , ,bytes,AmazonS3, , , , ,RefreshHit from cloudfront,1.1 4aab94d467900146bd910265f6087b8e.cloudfront.net (CloudFront),ZRH55-P1,BS2k5FOi-Lrq-iPULtl8S6Cwt2aQIaEPtB5BGd4j9s5J4DnYs7GjvQ==, ,https://d36mvgiamk5bf0.cloudfront.net/myvideo-california.mp4,my content hosted on CloudFront,"{'Content-Type': 'video/mp4', 'Content-Length': '34082855', 'Connection': 'keep-alive', 'Last-Modified': 'Thu, 22 Jun 2023 10:01:02 GMT', 'x-amz-server-side-encryption': 'AES256', 'Accept-Ranges': 'bytes', 'Server': 'AmazonS3', 'Date': 'Thu, 22 Jun 2023 14:35:50 GMT', 'ETag': '""8ac8aa3c5414053de61f649fe776b0db-3""', 'Vary': 'Accept-Encoding', 'X-Cache': 'RefreshHit from cloudfront', 'Via': '1.1 4aab94d467900146bd910265f6087b8e.cloudfront.net (CloudFront)', 'X-Amz-Cf-Pop': 'ZRH55-P1', 'X-Amz-Cf-Id': 'BS2k5FOi-Lrq-iPULtl8S6Cwt2aQIaEPtB5BGd4j9s5J4DnYs7GjvQ=='}"
22-06-2023_16:35:56:262354,18.165.185.125,849.752, , , ,video/mp4,34082855,keep-alive,"Thu, 22 Jun 2023 14:35:58 GMT","Thu, 22 Jun 2023 10:01:02 GMT","""8ac8aa3c5414053de61f649fe776b0db-3""", ,AES256, , , ,bytes,AmazonS3, , , , ,RefreshHit from cloudfront,1.1 c7311454ce938e04f3523616a5b033da.cloudfront.net (CloudFront),ZRH55-P1,5GkI4ysiZxcJ78XR-90zjFURqWjUpO06zfpgjWA8Vhuy8JY3qoW8uA==, ,https://d36mvgiamk5bf0.cloudfront.net/myvideo-california.mp4,my content hosted on CloudFront,"{'Content-Type': 'video/mp4', 'Content-Length': '34082855', 'Connection': 'keep-alive', 'Last-Modified': 'Thu, 22 Jun 2023 10:01:02 GMT', 'x-amz-server-side-encryption': 'AES256', 'Accept-Ranges': 'bytes', 'Server': 'AmazonS3', 'Date': 'Thu, 22 Jun 2023 14:35:58 GMT', 'ETag': '""8ac8aa3c5414053de61f649fe776b0db-3""', 'Vary': 'Accept-Encoding', 'X-Cache': 'RefreshHit from cloudfront', 'Via': '1.1 c7311454ce938e04f3523616a5b033da.cloudfront.net (CloudFront)', 'X-Amz-Cf-Pop': 'ZRH55-P1', 'X-Amz-Cf-Id': '5GkI4ysiZxcJ78XR-90zjFURqWjUpO06zfpgjWA8Vhuy8JY3qoW8uA=='}"
22-06-2023_16:36:04:133525,18.165.185.125,862.149, , , ,video/mp4,34082855,keep-alive,"Thu, 22 Jun 2023 14:36:06 GMT","Thu, 22 Jun 2023 10:01:02 GMT","""8ac8aa3c5414053de61f649fe776b0db-3""", ,AES256, , , ,bytes,AmazonS3, , , , ,RefreshHit from cloudfront,1.1 e042bf1e56617a2fbe098f111a30b514.cloudfront.net (CloudFront),ZRH55-P1,1hyTJEI3r98U4eUHX4fDbRF6SkIec0285clr77cpFVp6ZN9awzw_nA==, ,https://d36mvgiamk5bf0.cloudfront.net/myvideo-california.mp4,my content hosted on CloudFront,"{'Content-Type': 'video/mp4', 'Content-Length': '34082855', 'Connection': 'keep-alive', 'Last-Modified': 'Thu, 22 Jun 2023 10:01:02 GMT', 'x-amz-server-side-encryption': 'AES256', 'Accept-Ranges': 'bytes', 'Server': 'AmazonS3', 'Date': 'Thu, 22 Jun 2023 14:36:06 GMT', 'ETag': '""8ac8aa3c5414053de61f649fe776b0db-3""', 'Vary': 'Accept-Encoding', 'X-Cache': 'RefreshHit from cloudfront', 'Via': '1.1 e042bf1e56617a2fbe098f111a30b514.cloudfront.net (CloudFront)', 'X-Amz-Cf-Pop': 'ZRH55-P1', 'X-Amz-Cf-Id': '1hyTJEI3r98U4eUHX4fDbRF6SkIec0285clr77cpFVp6ZN9awzw_nA=='}"
22-06-2023_16:36:12:011001,18.165.185.125,849.537, , , ,video/mp4,34082855,keep-alive,"Thu, 22 Jun 2023 14:36:13 GMT","Thu, 22 Jun 2023 10:01:02 GMT","""8ac8aa3c5414053de61f649fe776b0db-3""", ,AES256, , , ,bytes,AmazonS3, , , , ,RefreshHit from cloudfront,1.1 099d4ba9ace3ae96fa2a16ccfeeac6ec.cloudfront.net (CloudFront),ZRH55-P1,Puy42f3w2zDY38fUzv-0pWgPNN2WX1vn9QZRg1KQFwhsF9a9Ud8n9w==, ,https://d36mvgiamk5bf0.cloudfront.net/myvideo-california.mp4,my content hosted on CloudFront,"{'Content-Type': 'video/mp4', 'Content-Length': '34082855', 'Connection': 'keep-alive', 'Last-Modified': 'Thu, 22 Jun 2023 10:01:02 GMT', 'x-amz-server-side-encryption': 'AES256', 'Accept-Ranges': 'bytes', 'Server': 'AmazonS3', 'Date': 'Thu, 22 Jun 2023 14:36:13 GMT', 'ETag': '""8ac8aa3c5414053de61f649fe776b0db-3""', 'Vary': 'Accept-Encoding', 'X-Cache': 'RefreshHit from cloudfront', 'Via': '1.1 099d4ba9ace3ae96fa2a16ccfeeac6ec.cloudfront.net (CloudFront)', 'X-Amz-Cf-Pop': 'ZRH55-P1', 'X-Amz-Cf-Id': 'Puy42f3w2zDY38fUzv-0pWgPNN2WX1vn9QZRg1KQFwhsF9a9Ud8n9w=='}"
22-06-2023_16:36:19:877822,18.165.185.131,865.059, , , ,video/mp4,34082855,keep-alive,"Thu, 22 Jun 2023 14:36:21 GMT","Thu, 22 Jun 2023 10:01:02 GMT","""8ac8aa3c5414053de61f649fe776b0db-3""", ,AES256, , , ,bytes,AmazonS3, , , , ,RefreshHit from cloudfront,1.1 fa2f998214db1c6c6bdb96ceff3ce5d8.cloudfront.net (CloudFront),ZRH55-P1,bjYAT1QmWuK3k-CwgppIhazIesbBeYDenhEOBW54Mtghkd2DgJcIxw==, ,https://d36mvgiamk5bf0.cloudfront.net/myvideo-california.mp4,my content hosted on CloudFront,"{'Content-Type': 'video/mp4', 'Content-Length': '34082855', 'Connection': 'keep-alive', 'Last-Modified': 'Thu, 22 Jun 2023 10:01:02 GMT', 'x-amz-server-side-encryption': 'AES256', 'Accept-Ranges': 'bytes', 'Server': 'AmazonS3', 'Date': 'Thu, 22 Jun 2023 14:36:21 GMT', 'ETag': '""8ac8aa3c5414053de61f649fe776b0db-3""', 'Vary': 'Accept-Encoding', 'X-Cache': 'RefreshHit from cloudfront', 'Via': '1.1 fa2f998214db1c6c6bdb96ceff3ce5d8.cloudfront.net (CloudFront)', 'X-Amz-Cf-Pop': 'ZRH55-P1', 'X-Amz-Cf-Id': 'bjYAT1QmWuK3k-CwgppIhazIesbBeYDenhEOBW54Mtghkd2DgJcIxw=='}"
22-06-2023_16:36:27:779494,18.165.185.131,847.0, , , ,video/mp4,34082855,keep-alive,"Thu, 22 Jun 2023 14:36:29 GMT","Thu, 22 Jun 2023 10:01:02 GMT","""8ac8aa3c5414053de61f649fe776b0db-3""", ,AES256, , , ,bytes,AmazonS3, , , , ,RefreshHit from cloudfront,1.1 3d994808da6a9ce8c9e7b1364fa689ea.cloudfront.net (CloudFront),ZRH55-P1,bFcqUPaiFDeT27BpOaGoyIiWnqTdhO7KdultmjBgbzUufyjJ6FFpCg==, ,https://d36mvgiamk5bf0.cloudfront.net/myvideo-california.mp4,my content hosted on CloudFront,"{'Content-Type': 'video/mp4', 'Content-Length': '34082855', 'Connection': 'keep-alive', 'Last-Modified': 'Thu, 22 Jun 2023 10:01:02 GMT', 'x-amz-server-side-encryption': 'AES256', 'Accept-Ranges': 'bytes', 'Server': 'AmazonS3', 'Date': 'Thu, 22 Jun 2023 14:36:29 GMT', 'ETag': '""8ac8aa3c5414053de61f649fe776b0db-3""', 'Vary': 'Accept-Encoding', 'X-Cache': 'RefreshHit from cloudfront', 'Via': '1.1 3d994808da6a9ce8c9e7b1364fa689ea.cloudfront.net (CloudFront)', 'X-Amz-Cf-Pop': 'ZRH55-P1', 'X-Amz-Cf-Id': 'bFcqUPaiFDeT27BpOaGoyIiWnqTdhO7KdultmjBgbzUufyjJ6FFpCg=='}"
22-06-2023_16:36:35:642378,18.165.185.131,864.062, , , ,video/mp4,34082855,keep-alive,"Thu, 22 Jun 2023 14:36:37 GMT","Thu, 22 Jun 2023 10:01:02 GMT","""8ac8aa3c5414053de61f649fe776b0db-3""", ,AES256, , , ,bytes,AmazonS3, , , , ,RefreshHit from cloudfront,1.1 2177a1d449a3e8dc7269040f15d81cb0.cloudfront.net (CloudFront),ZRH55-P1,Q3CjvKhd4HA-o7J3b40g2Yfaoqjz4W4XqWgcVNdvuIx_2bX14RTI6A==, ,https://d36mvgiamk5bf0.cloudfront.net/myvideo-california.mp4,my content hosted on CloudFront,"{'Content-Type': 'video/mp4', 'Content-Length': '34082855', 'Connection': 'keep-alive', 'Last-Modified': 'Thu, 22 Jun 2023 10:01:02 GMT', 'x-amz-server-side-encryption': 'AES256', 'Accept-Ranges': 'bytes', 'Server': 'AmazonS3', 'Date': 'Thu, 22 Jun 2023 14:36:37 GMT', 'ETag': '""8ac8aa3c5414053de61f649fe776b0db-3""', 'Vary': 'Accept-Encoding', 'X-Cache': 'RefreshHit from cloudfront', 'Via': '1.1 2177a1d449a3e8dc7269040f15d81cb0.cloudfront.net (CloudFront)', 'X-Amz-Cf-Pop': 'ZRH55-P1', 'X-Amz-Cf-Id': 'Q3CjvKhd4HA-o7J3b40g2Yfaoqjz4W4XqWgcVNdvuIx_2bX14RTI6A=='}"
22-06-2023_16:36:43:518550,18.165.185.131,837.964, , , ,video/mp4,34082855,keep-alive,"Thu, 22 Jun 2023 14:36:45 GMT","Thu, 22 Jun 2023 10:01:02 GMT","""8ac8aa3c5414053de61f649fe776b0db-3""", ,AES256, , , ,bytes,AmazonS3, , , , ,RefreshHit from cloudfront,1.1 ff571229df9f46b01b0e434bcb36f9e6.cloudfront.net (CloudFront),ZRH55-P1,fCZ6MRkPwyg-HqY39ibBtt1D7p5viDyvyO0NhMWSc1wrQp02rHl74g==, ,https://d36mvgiamk5bf0.cloudfront.net/myvideo-california.mp4,my content hosted on CloudFront,"{'Content-Type': 'video/mp4', 'Content-Length': '34082855', 'Connection': 'keep-alive', 'Last-Modified': 'Thu, 22 Jun 2023 10:01:02 GMT', 'x-amz-server-side-encryption': 'AES256', 'Accept-Ranges': 'bytes', 'Server': 'AmazonS3', 'Date': 'Thu, 22 Jun 2023 14:36:45 GMT', 'ETag': '""8ac8aa3c5414053de61f649fe776b0db-3""', 'Vary': 'Accept-Encoding', 'X-Cache': 'RefreshHit from cloudfront', 'Via': '1.1 ff571229df9f46b01b0e434bcb36f9e6.cloudfront.net (CloudFront)', 'X-Amz-Cf-Pop': 'ZRH55-P1', 'X-Amz-Cf-Id': 'fCZ6MRkPwyg-HqY39ibBtt1D7p5viDyvyO0NhMWSc1wrQp02rHl74g=='}"
22-06-2023_16:36:51:373602,18.165.185.131,856.096, , , ,video/mp4,34082855,keep-alive,"Thu, 22 Jun 2023 14:36:53 GMT","Thu, 22 Jun 2023 10:01:02 GMT","""8ac8aa3c5414053de61f649fe776b0db-3""", ,AES256, , , ,bytes,AmazonS3, , , , ,RefreshHit from cloudfront,1.1 aca4cfc16ad0f84e78738cc400bfb7f4.cloudfront.net (CloudFront),ZRH55-P1,ZH9yfQ5ErN62dxltAykT0Oaz7x6no0d1Hl0lnk0SX5xERgfxI501Lw==, ,https://d36mvgiamk5bf0.cloudfront.net/myvideo-california.mp4,my content hosted on CloudFront,"{'Content-Type': 'video/mp4', 'Content-Length': '34082855', 'Connection': 'keep-alive', 'Last-Modified': 'Thu, 22 Jun 2023 10:01:02 GMT', 'x-amz-server-side-encryption': 'AES256', 'Accept-Ranges': 'bytes', 'Server': 'AmazonS3', 'Date': 'Thu, 22 Jun 2023 14:36:53 GMT', 'ETag': '""8ac8aa3c5414053de61f649fe776b0db-3""', 'Vary': 'Accept-Encoding', 'X-Cache': 'RefreshHit from cloudfront', 'Via': '1.1 aca4cfc16ad0f84e78738cc400bfb7f4.cloudfront.net (CloudFront)', 'X-Amz-Cf-Pop': 'ZRH55-P1', 'X-Amz-Cf-Id': 'ZH9yfQ5ErN62dxltAykT0Oaz7x6no0d1Hl0lnk0SX5xERgfxI501Lw=='}"
22-06-2023_16:36:59:243876,18.165.185.131,859.043, , , ,video/mp4,34082855,keep-alive,"Thu, 22 Jun 2023 14:37:01 GMT","Thu, 22 Jun 2023 10:01:02 GMT","""8ac8aa3c5414053de61f649fe776b0db-3""", ,AES256, , , ,bytes,AmazonS3, , , , ,RefreshHit from cloudfront,1.1 2bb98457c96f801517f8d0d98344cd3c.cloudfront.net (CloudFront),ZRH55-P1,MHpommKlkt0erOjT5gGLuzHmKfebObb3-ozraDl-GBGQSTNaQlmc4Q==, ,https://d36mvgiamk5bf0.cloudfront.net/myvideo-california.mp4,my content hosted on CloudFront,"{'Content-Type': 'video/mp4', 'Content-Length': '34082855', 'Connection': 'keep-alive', 'Last-Modified': 'Thu, 22 Jun 2023 10:01:02 GMT', 'x-amz-server-side-encryption': 'AES256', 'Accept-Ranges': 'bytes', 'Server': 'AmazonS3', 'Date': 'Thu, 22 Jun 2023 14:37:01 GMT', 'ETag': '""8ac8aa3c5414053de61f649fe776b0db-3""', 'Vary': 'Accept-Encoding', 'X-Cache': 'RefreshHit from cloudfront', 'Via': '1.1 2bb98457c96f801517f8d0d98344cd3c.cloudfront.net (CloudFront)', 'X-Amz-Cf-Pop': 'ZRH55-P1', 'X-Amz-Cf-Id': 'MHpommKlkt0erOjT5gGLuzHmKfebObb3-ozraDl-GBGQSTNaQlmc4Q=='}"
22-06-2023_16:37:07:122443,18.165.185.131,858.808, , , ,video/mp4,34082855,keep-alive,"Thu, 22 Jun 2023 14:37:08 GMT","Thu, 22 Jun 2023 10:01:02 GMT","""8ac8aa3c5414053de61f649fe776b0db-3""", ,AES256, , , ,bytes,AmazonS3, , , , ,RefreshHit from cloudfront,1.1 aca4cfc16ad0f84e78738cc400bfb7f4.cloudfront.net (CloudFront),ZRH55-P1,qsNoNkM_cyW6t7vOB-vWoWXLr3V3O338K90ehBygOq13cfsaGxC9sQ==, ,https://d36mvgiamk5bf0.cloudfront.net/myvideo-california.mp4,my content hosted on CloudFront,"{'Content-Type': 'video/mp4', 'Content-Length': '34082855', 'Connection': 'keep-alive', 'Last-Modified': 'Thu, 22 Jun 2023 10:01:02 GMT', 'x-amz-server-side-encryption': 'AES256', 'Accept-Ranges': 'bytes', 'Server': 'AmazonS3', 'Date': 'Thu, 22 Jun 2023 14:37:08 GMT', 'ETag': '""8ac8aa3c5414053de61f649fe776b0db-3""', 'Vary': 'Accept-Encoding', 'X-Cache': 'RefreshHit from cloudfront', 'Via': '1.1 aca4cfc16ad0f84e78738cc400bfb7f4.cloudfront.net (CloudFront)', 'X-Amz-Cf-Pop': 'ZRH55-P1', 'X-Amz-Cf-Id': 'qsNoNkM_cyW6t7vOB-vWoWXLr3V3O338K90ehBygOq13cfsaGxC9sQ=='}"
22-06-2023_16:37:14:996425,18.165.185.131,850.61, , , ,video/mp4,34082855,keep-alive,"Thu, 22 Jun 2023 14:37:16 GMT","Thu, 22 Jun 2023 10:01:02 GMT","""8ac8aa3c5414053de61f649fe776b0db-3""", ,AES256, , , ,bytes,AmazonS3, , , , ,RefreshHit from cloudfront,1.1 f6d3d027dc70c7291c2f685efb187ab2.cloudfront.net (CloudFront),ZRH55-P1,ZrV7Evi8GPXpgmn1YaD2sM_-OUL0ORTXWxDo_7XPKB7MQEEnJsldag==, ,https://d36mvgiamk5bf0.cloudfront.net/myvideo-california.mp4,my content hosted on CloudFront,"{'Content-Type': 'video/mp4', 'Content-Length': '34082855', 'Connection': 'keep-alive', 'Last-Modified': 'Thu, 22 Jun 2023 10:01:02 GMT', 'x-amz-server-side-encryption': 'AES256', 'Accept-Ranges': 'bytes', 'Server': 'AmazonS3', 'Date': 'Thu, 22 Jun 2023 14:37:16 GMT', 'ETag': '""8ac8aa3c5414053de61f649fe776b0db-3""', 'Vary': 'Accept-Encoding', 'X-Cache': 'RefreshHit from cloudfront', 'Via': '1.1 f6d3d027dc70c7291c2f685efb187ab2.cloudfront.net (CloudFront)', 'X-Amz-Cf-Pop': 'ZRH55-P1', 'X-Amz-Cf-Id': 'ZrV7Evi8GPXpgmn1YaD2sM_-OUL0ORTXWxDo_7XPKB7MQEEnJsldag=='}"
22-06-2023_16:37:22:861951,18.165.185.131,852.645, , , ,video/mp4,34082855,keep-alive,"Thu, 22 Jun 2023 14:37:24 GMT","Thu, 22 Jun 2023 10:01:02 GMT","""8ac8aa3c5414053de61f649fe776b0db-3""", ,AES256, , , ,bytes,AmazonS3, , , , ,RefreshHit from cloudfront,1.1 7eb9eadda041aaab1056a6a0f8080462.cloudfront.net (CloudFront),ZRH55-P1,VNLDUCvL1cEnQR7vMNf-CyslhiMTCAZex113aB68JnX3uBZgACobEg==, ,https://d36mvgiamk5bf0.cloudfront.net/myvideo-california.mp4,my content hosted on CloudFront,"{'Content-Type': 'video/mp4', 'Content-Length': '34082855', 'Connection': 'keep-alive', 'Last-Modified': 'Thu, 22 Jun 2023 10:01:02 GMT', 'x-amz-server-side-encryption': 'AES256', 'Accept-Ranges': 'bytes', 'Server': 'AmazonS3', 'Date': 'Thu, 22 Jun 2023 14:37:24 GMT', 'ETag': '""8ac8aa3c5414053de61f649fe776b0db-3""', 'Vary': 'Accept-Encoding', 'X-Cache': 'RefreshHit from cloudfront', 'Via': '1.1 7eb9eadda041aaab1056a6a0f8080462.cloudfront.net (CloudFront)', 'X-Amz-Cf-Pop': 'ZRH55-P1', 'X-Amz-Cf-Id': 'VNLDUCvL1cEnQR7vMNf-CyslhiMTCAZex113aB68JnX3uBZgACobEg=='}"
22-06-2023_16:37:30:729300,18.165.185.131,865.954, , , ,video/mp4,34082855,keep-alive,"Thu, 22 Jun 2023 14:37:32 GMT","Thu, 22 Jun 2023 10:01:02 GMT","""8ac8aa3c5414053de61f649fe776b0db-3""", ,AES256, , , ,bytes,AmazonS3, , , , ,RefreshHit from cloudfront,1.1 3a4b7ff21260552f6982d2003fec9c84.cloudfront.net (CloudFront),ZRH55-P1,4zy-oN1ktkaRb3EwvmV8NFxaTrkZnlEMfC1FAudkjkccZGd2xiev1g==, ,https://d36mvgiamk5bf0.cloudfront.net/myvideo-california.mp4,my content hosted on CloudFront,"{'Content-Type': 'video/mp4', 'Content-Length': '34082855', 'Connection': 'keep-alive', 'Last-Modified': 'Thu, 22 Jun 2023 10:01:02 GMT', 'x-amz-server-side-encryption': 'AES256', 'Accept-Ranges': 'bytes', 'Server': 'AmazonS3', 'Date': 'Thu, 22 Jun 2023 14:37:32 GMT', 'ETag': '""8ac8aa3c5414053de61f649fe776b0db-3""', 'Vary': 'Accept-Encoding', 'X-Cache': 'RefreshHit from cloudfront', 'Via': '1.1 3a4b7ff21260552f6982d2003fec9c84.cloudfront.net (CloudFront)', 'X-Amz-Cf-Pop': 'ZRH55-P1', 'X-Amz-Cf-Id': '4zy-oN1ktkaRb3EwvmV8NFxaTrkZnlEMfC1FAudkjkccZGd2xiev1g=='}"
22-06-2023_16:37:38:613256,18.165.185.221,868.7850000000001, , , ,video/mp4,34082855,keep-alive,"Thu, 22 Jun 2023 14:37:40 GMT","Thu, 22 Jun 2023 10:01:02 GMT","""8ac8aa3c5414053de61f649fe776b0db-3""", ,AES256, , , ,bytes,AmazonS3, , , , ,RefreshHit from cloudfront,1.1 20e88007b6f5218ef5942bc3581c73b8.cloudfront.net (CloudFront),ZRH55-P1,8_YuiCuGYMBcqGqMAyaXMRsIM_mn5MMdpXOh4zMD3QT_aj0HowUXeg==, ,https://d36mvgiamk5bf0.cloudfront.net/myvideo-california.mp4,my content hosted on CloudFront,"{'Content-Type': 'video/mp4', 'Content-Length': '34082855', 'Connection': 'keep-alive', 'Last-Modified': 'Thu, 22 Jun 2023 10:01:02 GMT', 'x-amz-server-side-encryption': 'AES256', 'Accept-Ranges': 'bytes', 'Server': 'AmazonS3', 'Date': 'Thu, 22 Jun 2023 14:37:40 GMT', 'ETag': '""8ac8aa3c5414053de61f649fe776b0db-3""', 'Vary': 'Accept-Encoding', 'X-Cache': 'RefreshHit from cloudfront', 'Via': '1.1 20e88007b6f5218ef5942bc3581c73b8.cloudfront.net (CloudFront)', 'X-Amz-Cf-Pop': 'ZRH55-P1', 'X-Amz-Cf-Id': '8_YuiCuGYMBcqGqMAyaXMRsIM_mn5MMdpXOh4zMD3QT_aj0HowUXeg=='}"
