timestamp(dd-mm-yyyy hh:mm:ss:ms),responseIP,latency(ms),traceroute_ips,traceroute_hnames,hop count,Content-Type,Content-Length,Connection,Date,Last-Modified,ETag,x-amz-storage-class,x-amz-server-side-encryption,x-amz-meta-dv-checksum-sha-1,x-amz-meta-dv-checksum-md5,x-amz-meta-dv-checksum-sha-256,Accept-Ranges,Server,X-Server-IP,X-Server-IP_hops,X-Server-IP_hnames,X-Server-IP_hopcount,X-Cache,Via,X-Amz-Cf-Pop,X-Amz-Cf-Id,Age,url,info,reasponseHeaders
22-06-2023_16:33:33:583876,18.165.185.93,670.273, , , ,video/mp4,34082855,keep-alive,"Thu, 22 Jun 2023 14:33:35 GMT","Thu, 22 Jun 2023 10:01:02 GMT","""8ac8aa3c5414053de61f649fe776b0db-3""", ,AES256, , , ,bytes,AmazonS3, , , , ,RefreshHit from cloudfront,1.1 9f25aa45df27e50f380232059fde4c1a.cloudfront.net (CloudFront),ZRH55-P1,Gzjex6K4Y7LEh8aGfX1yERDaB0A6kOmy8N0u4yEHlAF41BlPkPThQw==, ,https://d2ujgmo1oihwsm.cloudfront.net/myvideo-california.mp4,my content hosted on CloudFront,"{'Content-Type': 'video/mp4', 'Content-Length': '34082855', 'Connection': 'keep-alive', 'Last-Modified': 'Thu, 22 Jun 2023 10:01:02 GMT', 'x-amz-server-side-encryption': 'AES256', 'Accept-Ranges': 'bytes', 'Server': 'AmazonS3', 'Date': 'Thu, 22 Jun 2023 14:33:35 GMT', 'ETag': '""8ac8aa3c5414053de61f649fe776b0db-3""', 'Vary': 'Accept-Encoding', 'X-Cache': 'RefreshHit from cloudfront', 'Via': '1.1 9f25aa45df27e50f380232059fde4c1a.cloudfront.net (CloudFront)', 'X-Amz-Cf-Pop': 'ZRH55-P1', 'X-Amz-Cf-Id': 'Gzjex6K4Y7LEh8aGfX1yERDaB0A6kOmy8N0u4yEHlAF41BlPkPThQw=='}"
22-06-2023_16:33:41:471238,18.165.185.93,28.639000000000003, , , ,video/mp4,34082855,keep-alive,"Thu, 22 Jun 2023 14:33:35 GMT","Thu, 22 Jun 2023 10:01:02 GMT","""8ac8aa3c5414053de61f649fe776b0db-3""", ,AES256, , , ,bytes,AmazonS3, , , , ,Hit from cloudfront,1.1 ca6974974a9175b71fb6a84145111ed2.cloudfront.net (CloudFront),ZRH55-P1,NTmj6q0gyNBQ1kCyaSfDgr5MaiOTsKvwqqz-_3FwreCUA_rLjuyOZQ==,7,https://d2ujgmo1oihwsm.cloudfront.net/myvideo-california.mp4,my content hosted on CloudFront,"{'Content-Type': 'video/mp4', 'Content-Length': '34082855', 'Connection': 'keep-alive', 'Last-Modified': 'Thu, 22 Jun 2023 10:01:02 GMT', 'x-amz-server-side-encryption': 'AES256', 'Accept-Ranges': 'bytes', 'Server': 'AmazonS3', 'Date': 'Thu, 22 Jun 2023 14:33:35 GMT', 'ETag': '""8ac8aa3c5414053de61f649fe776b0db-3""', 'Vary': 'Accept-Encoding', 'X-Cache': 'Hit from cloudfront', 'Via': '1.1 ca6974974a9175b71fb6a84145111ed2.cloudfront.net (CloudFront)', 'X-Amz-Cf-Pop': 'ZRH55-P1', 'X-Amz-Cf-Id': 'NTmj6q0gyNBQ1kCyaSfDgr5MaiOTsKvwqqz-_3FwreCUA_rLjuyOZQ==', 'Age': '7'}"
22-06-2023_16:33:49:334013,18.165.185.93,653.866, , , ,video/mp4,34082855,keep-alive,"Thu, 22 Jun 2023 14:33:51 GMT","Thu, 22 Jun 2023 10:01:02 GMT","""8ac8aa3c5414053de61f649fe776b0db-3""", ,AES256, , , ,bytes,AmazonS3, , , , ,RefreshHit from cloudfront,1.1 3d994808da6a9ce8c9e7b1364fa689ea.cloudfront.net (CloudFront),ZRH55-P1,EJxrVrwcybNTnLR-tgd5urLMTDF_2o5vHNy3QxaQhuD7K71DEcMo7g==, ,https://d2ujgmo1oihwsm.cloudfront.net/myvideo-california.mp4,my content hosted on CloudFront,"{'Content-Type': 'video/mp4', 'Content-Length': '34082855', 'Connection': 'keep-alive', 'Last-Modified': 'Thu, 22 Jun 2023 10:01:02 GMT', 'x-amz-server-side-encryption': 'AES256', 'Accept-Ranges': 'bytes', 'Server': 'AmazonS3', 'Date': 'Thu, 22 Jun 2023 14:33:51 GMT', 'ETag': '""8ac8aa3c5414053de61f649fe776b0db-3""', 'Vary': 'Accept-Encoding', 'X-Cache': 'RefreshHit from cloudfront', 'Via': '1.1 3d994808da6a9ce8c9e7b1364fa689ea.cloudfront.net (CloudFront)', 'X-Amz-Cf-Pop': 'ZRH55-P1', 'X-Amz-Cf-Id': 'EJxrVrwcybNTnLR-tgd5urLMTDF_2o5vHNy3QxaQhuD7K71DEcMo7g=='}"
22-06-2023_16:33:57:200144,18.165.185.93,32.251000000000005, , , ,video/mp4,34082855,keep-alive,"Thu, 22 Jun 2023 14:33:51 GMT","Thu, 22 Jun 2023 10:01:02 GMT","""8ac8aa3c5414053de61f649fe776b0db-3""", ,AES256, , , ,bytes,AmazonS3, , , , ,Hit from cloudfront,1.1 fec5e83bcae9ab1295b776b3f64183d0.cloudfront.net (CloudFront),ZRH55-P1,SafDenTcmSOZ3lMFVN0MlEXZLFzHORTLVnmhrn4A1lcb8h_jgiSKCw==,7,https://d2ujgmo1oihwsm.cloudfront.net/myvideo-california.mp4,my content hosted on CloudFront,"{'Content-Type': 'video/mp4', 'Content-Length': '34082855', 'Connection': 'keep-alive', 'Last-Modified': 'Thu, 22 Jun 2023 10:01:02 GMT', 'x-amz-server-side-encryption': 'AES256', 'Accept-Ranges': 'bytes', 'Server': 'AmazonS3', 'Date': 'Thu, 22 Jun 2023 14:33:51 GMT', 'ETag': '""8ac8aa3c5414053de61f649fe776b0db-3""', 'Vary': 'Accept-Encoding', 'X-Cache': 'Hit from cloudfront', 'Via': '1.1 fec5e83bcae9ab1295b776b3f64183d0.cloudfront.net (CloudFront)', 'X-Amz-Cf-Pop': 'ZRH55-P1', 'X-Amz-Cf-Id': 'SafDenTcmSOZ3lMFVN0MlEXZLFzHORTLVnmhrn4A1lcb8h_jgiSKCw==', 'Age': '7'}"
22-06-2023_16:34:05:000708,18.165.185.93,673.874, , , ,video/mp4,34082855,keep-alive,"Thu, 22 Jun 2023 14:34:06 GMT","Thu, 22 Jun 2023 10:01:02 GMT","""8ac8aa3c5414053de61f649fe776b0db-3""", ,AES256, , , ,bytes,AmazonS3, , , , ,RefreshHit from cloudfront,1.1 6678c1810851ff197cbe3fe4c41e86a6.cloudfront.net (CloudFront),ZRH55-P1,sBqJx_xqKeNr2JNxR1hqd-ZLvlbGSaFM-ACfyzJRQ0dtvPp-Rkd2tA==, ,https://d2ujgmo1oihwsm.cloudfront.net/myvideo-california.mp4,my content hosted on CloudFront,"{'Content-Type': 'video/mp4', 'Content-Length': '34082855', 'Connection': 'keep-alive', 'Last-Modified': 'Thu, 22 Jun 2023 10:01:02 GMT', 'x-amz-server-side-encryption': 'AES256', 'Accept-Ranges': 'bytes', 'Server': 'AmazonS3', 'Date': 'Thu, 22 Jun 2023 14:34:06 GMT', 'ETag': '""8ac8aa3c5414053de61f649fe776b0db-3""', 'Vary': 'Accept-Encoding', 'X-Cache': 'RefreshHit from cloudfront', 'Via': '1.1 6678c1810851ff197cbe3fe4c41e86a6.cloudfront.net (CloudFront)', 'X-Amz-Cf-Pop': 'ZRH55-P1', 'X-Amz-Cf-Id': 'sBqJx_xqKeNr2JNxR1hqd-ZLvlbGSaFM-ACfyzJRQ0dtvPp-Rkd2tA=='}"
22-06-2023_16:34:12:883134,18.165.185.93,30.264, , , ,video/mp4,34082855,keep-alive,"Thu, 22 Jun 2023 14:34:06 GMT","Thu, 22 Jun 2023 10:01:02 GMT","""8ac8aa3c5414053de61f649fe776b0db-3""", ,AES256, , , ,bytes,AmazonS3, , , , ,Hit from cloudfront,1.1 a9717fb92179a05f5da85fabc586e750.cloudfront.net (CloudFront),ZRH55-P1,YI0U0VUwpNpFq0U4TgfKMPbhvv8TmHLPSFvUN1gPcwyQYmSaPSjUyA==,8,https://d2ujgmo1oihwsm.cloudfront.net/myvideo-california.mp4,my content hosted on CloudFront,"{'Content-Type': 'video/mp4', 'Content-Length': '34082855', 'Connection': 'keep-alive', 'Last-Modified': 'Thu, 22 Jun 2023 10:01:02 GMT', 'x-amz-server-side-encryption': 'AES256', 'Accept-Ranges': 'bytes', 'Server': 'AmazonS3', 'Date': 'Thu, 22 Jun 2023 14:34:06 GMT', 'ETag': '""8ac8aa3c5414053de61f649fe776b0db-3""', 'Vary': 'Accept-Encoding', 'X-Cache': 'Hit from cloudfront', 'Via': '1.1 a9717fb92179a05f5da85fabc586e750.cloudfront.net (CloudFront)', 'X-Amz-Cf-Pop': 'ZRH55-P1', 'X-Amz-Cf-Id': 'YI0U0VUwpNpFq0U4TgfKMPbhvv8TmHLPSFvUN1gPcwyQYmSaPSjUyA==', 'Age': '8'}"
22-06-2023_16:34:20:744495,18.165.185.93,666.9490000000001, , , ,video/mp4,34082855,keep-alive,"Thu, 22 Jun 2023 14:34:22 GMT","Thu, 22 Jun 2023 10:01:02 GMT","""8ac8aa3c5414053de61f649fe776b0db-3""", ,AES256, , , ,bytes,AmazonS3, , , , ,RefreshHit from cloudfront,1.1 6ea1443d3dc39c2be7c23883fb0bd3e0.cloudfront.net (CloudFront),ZRH55-P1,Opwo5bqQGTpOP2UPp7QhMmrS2PH5r5iLL0gZXSeor_nKvvxPQcZA6A==, ,https://d2ujgmo1oihwsm.cloudfront.net/myvideo-california.mp4,my content hosted on CloudFront,"{'Content-Type': 'video/mp4', 'Content-Length': '34082855', 'Connection': 'keep-alive', 'Last-Modified': 'Thu, 22 Jun 2023 10:01:02 GMT', 'x-amz-server-side-encryption': 'AES256', 'Accept-Ranges': 'bytes', 'Server': 'AmazonS3', 'Date': 'Thu, 22 Jun 2023 14:34:22 GMT', 'ETag': '""8ac8aa3c5414053de61f649fe776b0db-3""', 'Vary': 'Accept-Encoding', 'X-Cache': 'RefreshHit from cloudfront', 'Via': '1.1 6ea1443d3dc39c2be7c23883fb0bd3e0.cloudfront.net (CloudFront)', 'X-Amz-Cf-Pop': 'ZRH55-P1', 'X-Amz-Cf-Id': 'Opwo5bqQGTpOP2UPp7QhMmrS2PH5r5iLL0gZXSeor_nKvvxPQcZA6A=='}"
22-06-2023_16:34:28:617277,18.165.185.93,30.629, , , ,video/mp4,34082855,keep-alive,"Thu, 22 Jun 2023 14:34:22 GMT","Thu, 22 Jun 2023 10:01:02 GMT","""8ac8aa3c5414053de61f649fe776b0db-3""", ,AES256, , , ,bytes,AmazonS3, , , , ,Hit from cloudfront,1.1 df9ce120cad525bdb160f75cd7b807c2.cloudfront.net (CloudFront),ZRH55-P1,RxsP_Bodsx8GpbT0rje6EIfiWY4PqQlngmjW79e4MbT_5Gaq-OQ3kA==,7,https://d2ujgmo1oihwsm.cloudfront.net/myvideo-california.mp4,my content hosted on CloudFront,"{'Content-Type': 'video/mp4', 'Content-Length': '34082855', 'Connection': 'keep-alive', 'Last-Modified': 'Thu, 22 Jun 2023 10:01:02 GMT', 'x-amz-server-side-encryption': 'AES256', 'Accept-Ranges': 'bytes', 'Server': 'AmazonS3', 'Date': 'Thu, 22 Jun 2023 14:34:22 GMT', 'ETag': '""8ac8aa3c5414053de61f649fe776b0db-3""', 'Vary': 'Accept-Encoding', 'X-Cache': 'Hit from cloudfront', 'Via': '1.1 df9ce120cad525bdb160f75cd7b807c2.cloudfront.net (CloudFront)', 'X-Amz-Cf-Pop': 'ZRH55-P1', 'X-Amz-Cf-Id': 'RxsP_Bodsx8GpbT0rje6EIfiWY4PqQlngmjW79e4MbT_5Gaq-OQ3kA==', 'Age': '7'}"
22-06-2023_16:34:36:487440,18.165.185.93,665.177, , , ,video/mp4,34082855,keep-alive,"Thu, 22 Jun 2023 14:34:38 GMT","Thu, 22 Jun 2023 10:01:02 GMT","""8ac8aa3c5414053de61f649fe776b0db-3""", ,AES256, , , ,bytes,AmazonS3, , , , ,RefreshHit from cloudfront,1.1 179ba4c3ce59451c080c2ed7517bcb96.cloudfront.net (CloudFront),ZRH55-P1,5XPLObfPk30OF3Cg4T1gB3yrtnC5Mm4x2dX1bbYvFB_ipWBgjV4LfA==, ,https://d2ujgmo1oihwsm.cloudfront.net/myvideo-california.mp4,my content hosted on CloudFront,"{'Content-Type': 'video/mp4', 'Content-Length': '34082855', 'Connection': 'keep-alive', 'Last-Modified': 'Thu, 22 Jun 2023 10:01:02 GMT', 'x-amz-server-side-encryption': 'AES256', 'Accept-Ranges': 'bytes', 'Server': 'AmazonS3', 'Date': 'Thu, 22 Jun 2023 14:34:38 GMT', 'ETag': '""8ac8aa3c5414053de61f649fe776b0db-3""', 'Vary': 'Accept-Encoding', 'X-Cache': 'RefreshHit from cloudfront', 'Via': '1.1 179ba4c3ce59451c080c2ed7517bcb96.cloudfront.net (CloudFront)', 'X-Amz-Cf-Pop': 'ZRH55-P1', 'X-Amz-Cf-Id': '5XPLObfPk30OF3Cg4T1gB3yrtnC5Mm4x2dX1bbYvFB_ipWBgjV4LfA=='}"
22-06-2023_16:34:44:386300,18.165.185.93,27.945999999999998, , , ,video/mp4,34082855,keep-alive,"Thu, 22 Jun 2023 14:34:38 GMT","Thu, 22 Jun 2023 10:01:02 GMT","""8ac8aa3c5414053de61f649fe776b0db-3""", ,AES256, , , ,bytes,AmazonS3, , , , ,Hit from cloudfront,1.1 9c0ce977a13f3d9bbc6eed6540faf728.cloudfront.net (CloudFront),ZRH55-P1,Al6CUfFQyfNKFT1KjYEUm7mvve_hvET7MaEwaol2OT_WCeKsxbcDug==,7,https://d2ujgmo1oihwsm.cloudfront.net/myvideo-california.mp4,my content hosted on CloudFront,"{'Content-Type': 'video/mp4', 'Content-Length': '34082855', 'Connection': 'keep-alive', 'Last-Modified': 'Thu, 22 Jun 2023 10:01:02 GMT', 'x-amz-server-side-encryption': 'AES256', 'Accept-Ranges': 'bytes', 'Server': 'AmazonS3', 'Date': 'Thu, 22 Jun 2023 14:34:38 GMT', 'ETag': '""8ac8aa3c5414053de61f649fe776b0db-3""', 'Vary': 'Accept-Encoding', 'X-Cache': 'Hit from cloudfront', 'Via': '1.1 9c0ce977a13f3d9bbc6eed6540faf728.cloudfront.net (CloudFront)', 'X-Amz-Cf-Pop': 'ZRH55-P1', 'X-Amz-Cf-Id': 'Al6CUfFQyfNKFT1KjYEUm7mvve_hvET7MaEwaol2OT_WCeKsxbcDug==', 'Age': '7'}"
22-06-2023_16:34:52:250020,18.165.185.93,666.276, , , ,video/mp4,34082855,keep-alive,"Thu, 22 Jun 2023 14:34:54 GMT","Thu, 22 Jun 2023 10:01:02 GMT","""8ac8aa3c5414053de61f649fe776b0db-3""", ,AES256, , , ,bytes,AmazonS3, , , , ,RefreshHit from cloudfront,1.1 20e88007b6f5218ef5942bc3581c73b8.cloudfront.net (CloudFront),ZRH55-P1,jy8mAemM4NsJS8o6Jb_ZMXllMxyB2RjyMUxsXvgSMQalX2WZNT4q9Q==, ,https://d2ujgmo1oihwsm.cloudfront.net/myvideo-california.mp4,my content hosted on CloudFront,"{'Content-Type': 'video/mp4', 'Content-Length': '34082855', 'Connection': 'keep-alive', 'Last-Modified': 'Thu, 22 Jun 2023 10:01:02 GMT', 'x-amz-server-side-encryption': 'AES256', 'Accept-Ranges': 'bytes', 'Server': 'AmazonS3', 'Date': 'Thu, 22 Jun 2023 14:34:54 GMT', 'ETag': '""8ac8aa3c5414053de61f649fe776b0db-3""', 'Vary': 'Accept-Encoding', 'X-Cache': 'RefreshHit from cloudfront', 'Via': '1.1 20e88007b6f5218ef5942bc3581c73b8.cloudfront.net (CloudFront)', 'X-Amz-Cf-Pop': 'ZRH55-P1', 'X-Amz-Cf-Id': 'jy8mAemM4NsJS8o6Jb_ZMXllMxyB2RjyMUxsXvgSMQalX2WZNT4q9Q=='}"
22-06-2023_16:35:00:116418,18.165.185.93,30.31, , , ,video/mp4,34082855,keep-alive,"Thu, 22 Jun 2023 14:34:54 GMT","Thu, 22 Jun 2023 10:01:02 GMT","""8ac8aa3c5414053de61f649fe776b0db-3""", ,AES256, , , ,bytes,AmazonS3, , , , ,Hit from cloudfront,1.1 abd012b9637ad93b7c9aa82d2cfb262c.cloudfront.net (CloudFront),ZRH55-P1,Ym0QsGBCAHhi0SBXNdAWPUkug3M59h5J4HpbrcSpuA3NAYCeRo7nJQ==,7,https://d2ujgmo1oihwsm.cloudfront.net/myvideo-california.mp4,my content hosted on CloudFront,"{'Content-Type': 'video/mp4', 'Content-Length': '34082855', 'Connection': 'keep-alive', 'Last-Modified': 'Thu, 22 Jun 2023 10:01:02 GMT', 'x-amz-server-side-encryption': 'AES256', 'Accept-Ranges': 'bytes', 'Server': 'AmazonS3', 'Date': 'Thu, 22 Jun 2023 14:34:54 GMT', 'ETag': '""8ac8aa3c5414053de61f649fe776b0db-3""', 'Vary': 'Accept-Encoding', 'X-Cache': 'Hit from cloudfront', 'Via': '1.1 abd012b9637ad93b7c9aa82d2cfb262c.cloudfront.net (CloudFront)', 'X-Amz-Cf-Pop': 'ZRH55-P1', 'X-Amz-Cf-Id': 'Ym0QsGBCAHhi0SBXNdAWPUkug3M59h5J4HpbrcSpuA3NAYCeRo7nJQ==', 'Age': '7'}"
22-06-2023_16:35:08:007226,18.165.185.93,661.813, , , ,video/mp4,34082855,keep-alive,"Thu, 22 Jun 2023 14:35:09 GMT","Thu, 22 Jun 2023 10:01:02 GMT","""8ac8aa3c5414053de61f649fe776b0db-3""", ,AES256, , , ,bytes,AmazonS3, , , , ,RefreshHit from cloudfront,1.1 a9717fb92179a05f5da85fabc586e750.cloudfront.net (CloudFront),ZRH55-P1,Z8OxRJvb_6H-bQfn8htYDgHyA2yvDor8-xUmvgetmRzptfApSGBmOw==, ,https://d2ujgmo1oihwsm.cloudfront.net/myvideo-california.mp4,my content hosted on CloudFront,"{'Content-Type': 'video/mp4', 'Content-Length': '34082855', 'Connection': 'keep-alive', 'Last-Modified': 'Thu, 22 Jun 2023 10:01:02 GMT', 'x-amz-server-side-encryption': 'AES256', 'Accept-Ranges': 'bytes', 'Server': 'AmazonS3', 'Date': 'Thu, 22 Jun 2023 14:35:09 GMT', 'ETag': '""8ac8aa3c5414053de61f649fe776b0db-3""', 'Vary': 'Accept-Encoding', 'X-Cache': 'RefreshHit from cloudfront', 'Via': '1.1 a9717fb92179a05f5da85fabc586e750.cloudfront.net (CloudFront)', 'X-Amz-Cf-Pop': 'ZRH55-P1', 'X-Amz-Cf-Id': 'Z8OxRJvb_6H-bQfn8htYDgHyA2yvDor8-xUmvgetmRzptfApSGBmOw=='}"
22-06-2023_16:35:15:874782,18.165.185.93,29.761, , , ,video/mp4,34082855,keep-alive,"Thu, 22 Jun 2023 14:35:09 GMT","Thu, 22 Jun 2023 10:01:02 GMT","""8ac8aa3c5414053de61f649fe776b0db-3""", ,AES256, , , ,bytes,AmazonS3, , , , ,Hit from cloudfront,1.1 a9717fb92179a05f5da85fabc586e750.cloudfront.net (CloudFront),ZRH55-P1,QRkIMdE4FggMp1sk-Pa3aCSh7wCqumAhS1VMeEy-tAPVoVnecYpOfA==,8,https://d2ujgmo1oihwsm.cloudfront.net/myvideo-california.mp4,my content hosted on CloudFront,"{'Content-Type': 'video/mp4', 'Content-Length': '34082855', 'Connection': 'keep-alive', 'Last-Modified': 'Thu, 22 Jun 2023 10:01:02 GMT', 'x-amz-server-side-encryption': 'AES256', 'Accept-Ranges': 'bytes', 'Server': 'AmazonS3', 'Date': 'Thu, 22 Jun 2023 14:35:09 GMT', 'ETag': '""8ac8aa3c5414053de61f649fe776b0db-3""', 'Vary': 'Accept-Encoding', 'X-Cache': 'Hit from cloudfront', 'Via': '1.1 a9717fb92179a05f5da85fabc586e750.cloudfront.net (CloudFront)', 'X-Amz-Cf-Pop': 'ZRH55-P1', 'X-Amz-Cf-Id': 'QRkIMdE4FggMp1sk-Pa3aCSh7wCqumAhS1VMeEy-tAPVoVnecYpOfA==', 'Age': '8'}"
22-06-2023_16:35:23:744261,18.165.185.93,657.467, , , ,video/mp4,34082855,keep-alive,"Thu, 22 Jun 2023 14:35:25 GMT","Thu, 22 Jun 2023 10:01:02 GMT","""8ac8aa3c5414053de61f649fe776b0db-3""", ,AES256, , , ,bytes,AmazonS3, , , , ,RefreshHit from cloudfront,1.1 a1822b92cbf5d3516743d4786d5b6020.cloudfront.net (CloudFront),ZRH55-P1,9DGhyvkENf5XbMCdSa1xiVPe1cA2ECwsdThSRKDW-VuARVKycy1JAQ==, ,https://d2ujgmo1oihwsm.cloudfront.net/myvideo-california.mp4,my content hosted on CloudFront,"{'Content-Type': 'video/mp4', 'Content-Length': '34082855', 'Connection': 'keep-alive', 'Last-Modified': 'Thu, 22 Jun 2023 10:01:02 GMT', 'x-amz-server-side-encryption': 'AES256', 'Accept-Ranges': 'bytes', 'Server': 'AmazonS3', 'Date': 'Thu, 22 Jun 2023 14:35:25 GMT', 'ETag': '""8ac8aa3c5414053de61f649fe776b0db-3""', 'Vary': 'Accept-Encoding', 'X-Cache': 'RefreshHit from cloudfront', 'Via': '1.1 a1822b92cbf5d3516743d4786d5b6020.cloudfront.net (CloudFront)', 'X-Amz-Cf-Pop': 'ZRH55-P1', 'X-Amz-Cf-Id': '9DGhyvkENf5XbMCdSa1xiVPe1cA2ECwsdThSRKDW-VuARVKycy1JAQ=='}"
22-06-2023_16:35:31:625666,18.165.185.93,29.422, , , ,video/mp4,34082855,keep-alive,"Thu, 22 Jun 2023 14:35:25 GMT","Thu, 22 Jun 2023 10:01:02 GMT","""8ac8aa3c5414053de61f649fe776b0db-3""", ,AES256, , , ,bytes,AmazonS3, , , , ,Hit from cloudfront,1.1 2177a1d449a3e8dc7269040f15d81cb0.cloudfront.net (CloudFront),ZRH55-P1,8jKlk5L7pMnKoz2vJBDYtw1AG_CbH0oFEXKyi0UcowX8XE900HFrhA==,7,https://d2ujgmo1oihwsm.cloudfront.net/myvideo-california.mp4,my content hosted on CloudFront,"{'Content-Type': 'video/mp4', 'Content-Length': '34082855', 'Connection': 'keep-alive', 'Last-Modified': 'Thu, 22 Jun 2023 10:01:02 GMT', 'x-amz-server-side-encryption': 'AES256', 'Accept-Ranges': 'bytes', 'Server': 'AmazonS3', 'Date': 'Thu, 22 Jun 2023 14:35:25 GMT', 'ETag': '""8ac8aa3c5414053de61f649fe776b0db-3""', 'Vary': 'Accept-Encoding', 'X-Cache': 'Hit from cloudfront', 'Via': '1.1 2177a1d449a3e8dc7269040f15d81cb0.cloudfront.net (CloudFront)', 'X-Amz-Cf-Pop': 'ZRH55-P1', 'X-Amz-Cf-Id': '8jKlk5L7pMnKoz2vJBDYtw1AG_CbH0oFEXKyi0UcowX8XE900HFrhA==', 'Age': '7'}"
22-06-2023_16:35:39:517996,18.165.185.93,666.654, , , ,video/mp4,34082855,keep-alive,"Thu, 22 Jun 2023 14:35:41 GMT","Thu, 22 Jun 2023 10:01:02 GMT","""8ac8aa3c5414053de61f649fe776b0db-3""", ,AES256, , , ,bytes,AmazonS3, , , , ,RefreshHit from cloudfront,1.1 179ba4c3ce59451c080c2ed7517bcb96.cloudfront.net (CloudFront),ZRH55-P1,5VnbryZshwxBNexnDUcpWWFVuTpKBvwKyv0pgdgnnJp7ZbQQXP6QEw==, ,https://d2ujgmo1oihwsm.cloudfront.net/myvideo-california.mp4,my content hosted on CloudFront,"{'Content-Type': 'video/mp4', 'Content-Length': '34082855', 'Connection': 'keep-alive', 'Last-Modified': 'Thu, 22 Jun 2023 10:01:02 GMT', 'x-amz-server-side-encryption': 'AES256', 'Accept-Ranges': 'bytes', 'Server': 'AmazonS3', 'Date': 'Thu, 22 Jun 2023 14:35:41 GMT', 'ETag': '""8ac8aa3c5414053de61f649fe776b0db-3""', 'Vary': 'Accept-Encoding', 'X-Cache': 'RefreshHit from cloudfront', 'Via': '1.1 179ba4c3ce59451c080c2ed7517bcb96.cloudfront.net (CloudFront)', 'X-Amz-Cf-Pop': 'ZRH55-P1', 'X-Amz-Cf-Id': '5VnbryZshwxBNexnDUcpWWFVuTpKBvwKyv0pgdgnnJp7ZbQQXP6QEw=='}"
22-06-2023_16:35:47:390336,18.165.185.93,31.023, , , ,video/mp4,34082855,keep-alive,"Thu, 22 Jun 2023 14:35:41 GMT","Thu, 22 Jun 2023 10:01:02 GMT","""8ac8aa3c5414053de61f649fe776b0db-3""", ,AES256, , , ,bytes,AmazonS3, , , , ,Hit from cloudfront,1.1 8f2341b304c32ec6530aa5361edb2fe4.cloudfront.net (CloudFront),ZRH55-P1,ih1ztM0FTOFcxdpm0B9s_6iQa7Z7y-uimbD35xo3LI0mrml8XCz__w==,7,https://d2ujgmo1oihwsm.cloudfront.net/myvideo-california.mp4,my content hosted on CloudFront,"{'Content-Type': 'video/mp4', 'Content-Length': '34082855', 'Connection': 'keep-alive', 'Last-Modified': 'Thu, 22 Jun 2023 10:01:02 GMT', 'x-amz-server-side-encryption': 'AES256', 'Accept-Ranges': 'bytes', 'Server': 'AmazonS3', 'Date': 'Thu, 22 Jun 2023 14:35:41 GMT', 'ETag': '""8ac8aa3c5414053de61f649fe776b0db-3""', 'Vary': 'Accept-Encoding', 'X-Cache': 'Hit from cloudfront', 'Via': '1.1 8f2341b304c32ec6530aa5361edb2fe4.cloudfront.net (CloudFront)', 'X-Amz-Cf-Pop': 'ZRH55-P1', 'X-Amz-Cf-Id': 'ih1ztM0FTOFcxdpm0B9s_6iQa7Z7y-uimbD35xo3LI0mrml8XCz__w==', 'Age': '7'}"
22-06-2023_16:35:55:256784,18.165.185.93,661.1949999999999, , , ,video/mp4,34082855,keep-alive,"Thu, 22 Jun 2023 14:35:57 GMT","Thu, 22 Jun 2023 10:01:02 GMT","""8ac8aa3c5414053de61f649fe776b0db-3""", ,AES256, , , ,bytes,AmazonS3, , , , ,RefreshHit from cloudfront,1.1 20e88007b6f5218ef5942bc3581c73b8.cloudfront.net (CloudFront),ZRH55-P1,ClMQ5iANCrWJo8sekg6yGx1alAWhAOObbNeHuev4yAY-jVs4feUZDg==, ,https://d2ujgmo1oihwsm.cloudfront.net/myvideo-california.mp4,my content hosted on CloudFront,"{'Content-Type': 'video/mp4', 'Content-Length': '34082855', 'Connection': 'keep-alive', 'Last-Modified': 'Thu, 22 Jun 2023 10:01:02 GMT', 'x-amz-server-side-encryption': 'AES256', 'Accept-Ranges': 'bytes', 'Server': 'AmazonS3', 'Date': 'Thu, 22 Jun 2023 14:35:57 GMT', 'ETag': '""8ac8aa3c5414053de61f649fe776b0db-3""', 'Vary': 'Accept-Encoding', 'X-Cache': 'RefreshHit from cloudfront', 'Via': '1.1 20e88007b6f5218ef5942bc3581c73b8.cloudfront.net (CloudFront)', 'X-Amz-Cf-Pop': 'ZRH55-P1', 'X-Amz-Cf-Id': 'ClMQ5iANCrWJo8sekg6yGx1alAWhAOObbNeHuev4yAY-jVs4feUZDg=='}"
22-06-2023_16:36:03:128358,18.165.185.93,28.948999999999998, , , ,video/mp4,34082855,keep-alive,"Thu, 22 Jun 2023 14:35:57 GMT","Thu, 22 Jun 2023 10:01:02 GMT","""8ac8aa3c5414053de61f649fe776b0db-3""", ,AES256, , , ,bytes,AmazonS3, , , , ,Hit from cloudfront,1.1 7eb9eadda041aaab1056a6a0f8080462.cloudfront.net (CloudFront),ZRH55-P1,p2tMcpaZizsvUeFV5y4jxm4-cDdovVZag9t1wLQTfCYQgD4lz86CDQ==,7,https://d2ujgmo1oihwsm.cloudfront.net/myvideo-california.mp4,my content hosted on CloudFront,"{'Content-Type': 'video/mp4', 'Content-Length': '34082855', 'Connection': 'keep-alive', 'Last-Modified': 'Thu, 22 Jun 2023 10:01:02 GMT', 'x-amz-server-side-encryption': 'AES256', 'Accept-Ranges': 'bytes', 'Server': 'AmazonS3', 'Date': 'Thu, 22 Jun 2023 14:35:57 GMT', 'ETag': '""8ac8aa3c5414053de61f649fe776b0db-3""', 'Vary': 'Accept-Encoding', 'X-Cache': 'Hit from cloudfront', 'Via': '1.1 7eb9eadda041aaab1056a6a0f8080462.cloudfront.net (CloudFront)', 'X-Amz-Cf-Pop': 'ZRH55-P1', 'X-Amz-Cf-Id': 'p2tMcpaZizsvUeFV5y4jxm4-cDdovVZag9t1wLQTfCYQgD4lz86CDQ==', 'Age': '7'}"
22-06-2023_16:36:11:006576,18.165.185.183,670.453, , , ,video/mp4,34082855,keep-alive,"Thu, 22 Jun 2023 14:36:12 GMT","Thu, 22 Jun 2023 10:01:02 GMT","""8ac8aa3c5414053de61f649fe776b0db-3""", ,AES256, , , ,bytes,AmazonS3, , , , ,RefreshHit from cloudfront,1.1 01c82f5226ffef5f7e654ffdbab24db6.cloudfront.net (CloudFront),ZRH55-P1,9D7EBUYUDjfJSAHKs0dax5VR9UptNDl5EEp9AIqzgclpa81iOsHG6g==, ,https://d2ujgmo1oihwsm.cloudfront.net/myvideo-california.mp4,my content hosted on CloudFront,"{'Content-Type': 'video/mp4', 'Content-Length': '34082855', 'Connection': 'keep-alive', 'Last-Modified': 'Thu, 22 Jun 2023 10:01:02 GMT', 'x-amz-server-side-encryption': 'AES256', 'Accept-Ranges': 'bytes', 'Server': 'AmazonS3', 'Date': 'Thu, 22 Jun 2023 14:36:12 GMT', 'ETag': '""8ac8aa3c5414053de61f649fe776b0db-3""', 'Vary': 'Accept-Encoding', 'X-Cache': 'RefreshHit from cloudfront', 'Via': '1.1 01c82f5226ffef5f7e654ffdbab24db6.cloudfront.net (CloudFront)', 'X-Amz-Cf-Pop': 'ZRH55-P1', 'X-Amz-Cf-Id': '9D7EBUYUDjfJSAHKs0dax5VR9UptNDl5EEp9AIqzgclpa81iOsHG6g=='}"
22-06-2023_16:36:18:872386,18.165.185.183,30.197000000000003, , , ,video/mp4,34082855,keep-alive,"Thu, 22 Jun 2023 14:36:12 GMT","Thu, 22 Jun 2023 10:01:02 GMT","""8ac8aa3c5414053de61f649fe776b0db-3""", ,AES256, , , ,bytes,AmazonS3, , , , ,Hit from cloudfront,1.1 9f25aa45df27e50f380232059fde4c1a.cloudfront.net (CloudFront),ZRH55-P1,bIvx6ifnH6exrjKf9D8IIsEctOZpFFI-0bUOyLxpeysF7a6x543vYg==,8,https://d2ujgmo1oihwsm.cloudfront.net/myvideo-california.mp4,my content hosted on CloudFront,"{'Content-Type': 'video/mp4', 'Content-Length': '34082855', 'Connection': 'keep-alive', 'Last-Modified': 'Thu, 22 Jun 2023 10:01:02 GMT', 'x-amz-server-side-encryption': 'AES256', 'Accept-Ranges': 'bytes', 'Server': 'AmazonS3', 'Date': 'Thu, 22 Jun 2023 14:36:12 GMT', 'ETag': '""8ac8aa3c5414053de61f649fe776b0db-3""', 'Vary': 'Accept-Encoding', 'X-Cache': 'Hit from cloudfront', 'Via': '1.1 9f25aa45df27e50f380232059fde4c1a.cloudfront.net (CloudFront)', 'X-Amz-Cf-Pop': 'ZRH55-P1', 'X-Amz-Cf-Id': 'bIvx6ifnH6exrjKf9D8IIsEctOZpFFI-0bUOyLxpeysF7a6x543vYg==', 'Age': '8'}"
22-06-2023_16:36:26:773294,18.165.185.183,707.35, , , ,video/mp4,34082855,keep-alive,"Thu, 22 Jun 2023 14:36:28 GMT","Thu, 22 Jun 2023 10:01:02 GMT","""8ac8aa3c5414053de61f649fe776b0db-3""", ,AES256, , , ,bytes,AmazonS3, , , , ,RefreshHit from cloudfront,1.1 9defe0d67603d45217a1199d0f877384.cloudfront.net (CloudFront),ZRH55-P1,SJZc_-cR2hdKQFCsax3KfUjKdJ7BolTQvdwYUwiVEL2kIO2WRjhvhA==, ,https://d2ujgmo1oihwsm.cloudfront.net/myvideo-california.mp4,my content hosted on CloudFront,"{'Content-Type': 'video/mp4', 'Content-Length': '34082855', 'Connection': 'keep-alive', 'Last-Modified': 'Thu, 22 Jun 2023 10:01:02 GMT', 'x-amz-server-side-encryption': 'AES256', 'Accept-Ranges': 'bytes', 'Server': 'AmazonS3', 'Date': 'Thu, 22 Jun 2023 14:36:28 GMT', 'ETag': '""8ac8aa3c5414053de61f649fe776b0db-3""', 'Vary': 'Accept-Encoding', 'X-Cache': 'RefreshHit from cloudfront', 'Via': '1.1 9defe0d67603d45217a1199d0f877384.cloudfront.net (CloudFront)', 'X-Amz-Cf-Pop': 'ZRH55-P1', 'X-Amz-Cf-Id': 'SJZc_-cR2hdKQFCsax3KfUjKdJ7BolTQvdwYUwiVEL2kIO2WRjhvhA=='}"
22-06-2023_16:36:34:637055,18.165.185.183,28.174999999999997, , , ,video/mp4,34082855,keep-alive,"Thu, 22 Jun 2023 14:36:28 GMT","Thu, 22 Jun 2023 10:01:02 GMT","""8ac8aa3c5414053de61f649fe776b0db-3""", ,AES256, , , ,bytes,AmazonS3, , , , ,Hit from cloudfront,1.1 01c82f5226ffef5f7e654ffdbab24db6.cloudfront.net (CloudFront),ZRH55-P1,2nY8iW0pcw9joYOEr71ZTf5-RCCHSz7lfG34tn3RqASB54ORegvZcQ==,7,https://d2ujgmo1oihwsm.cloudfront.net/myvideo-california.mp4,my content hosted on CloudFront,"{'Content-Type': 'video/mp4', 'Content-Length': '34082855', 'Connection': 'keep-alive', 'Last-Modified': 'Thu, 22 Jun 2023 10:01:02 GMT', 'x-amz-server-side-encryption': 'AES256', 'Accept-Ranges': 'bytes', 'Server': 'AmazonS3', 'Date': 'Thu, 22 Jun 2023 14:36:28 GMT', 'ETag': '""8ac8aa3c5414053de61f649fe776b0db-3""', 'Vary': 'Accept-Encoding', 'X-Cache': 'Hit from cloudfront', 'Via': '1.1 01c82f5226ffef5f7e654ffdbab24db6.cloudfront.net (CloudFront)', 'X-Amz-Cf-Pop': 'ZRH55-P1', 'X-Amz-Cf-Id': '2nY8iW0pcw9joYOEr71ZTf5-RCCHSz7lfG34tn3RqASB54ORegvZcQ==', 'Age': '7'}"
22-06-2023_16:36:42:514280,18.165.185.183,669.098, , , ,video/mp4,34082855,keep-alive,"Thu, 22 Jun 2023 14:36:44 GMT","Thu, 22 Jun 2023 10:01:02 GMT","""8ac8aa3c5414053de61f649fe776b0db-3""", ,AES256, , , ,bytes,AmazonS3, , , , ,RefreshHit from cloudfront,1.1 7eb9eadda041aaab1056a6a0f8080462.cloudfront.net (CloudFront),ZRH55-P1,SfLRCsl54IDVbhtEGASsjuw7NPOwVFdTCm8BXCvjIpUfcMBuFI3DFg==, ,https://d2ujgmo1oihwsm.cloudfront.net/myvideo-california.mp4,my content hosted on CloudFront,"{'Content-Type': 'video/mp4', 'Content-Length': '34082855', 'Connection': 'keep-alive', 'Last-Modified': 'Thu, 22 Jun 2023 10:01:02 GMT', 'x-amz-server-side-encryption': 'AES256', 'Accept-Ranges': 'bytes', 'Server': 'AmazonS3', 'Date': 'Thu, 22 Jun 2023 14:36:44 GMT', 'ETag': '""8ac8aa3c5414053de61f649fe776b0db-3""', 'Vary': 'Accept-Encoding', 'X-Cache': 'RefreshHit from cloudfront', 'Via': '1.1 7eb9eadda041aaab1056a6a0f8080462.cloudfront.net (CloudFront)', 'X-Amz-Cf-Pop': 'ZRH55-P1', 'X-Amz-Cf-Id': 'SfLRCsl54IDVbhtEGASsjuw7NPOwVFdTCm8BXCvjIpUfcMBuFI3DFg=='}"
22-06-2023_16:36:50:368952,18.165.185.183,27.769, , , ,video/mp4,34082855,keep-alive,"Thu, 22 Jun 2023 14:36:44 GMT","Thu, 22 Jun 2023 10:01:02 GMT","""8ac8aa3c5414053de61f649fe776b0db-3""", ,AES256, , , ,bytes,AmazonS3, , , , ,Hit from cloudfront,1.1 cb0d3a2bdc5300e2d139e111e94efe5a.cloudfront.net (CloudFront),ZRH55-P1,OqVTUOL4SVVdT-iqkpsOtpI5NxFX1Mm3xotlYmuNa2kAFbK5CQB_7w==,7,https://d2ujgmo1oihwsm.cloudfront.net/myvideo-california.mp4,my content hosted on CloudFront,"{'Content-Type': 'video/mp4', 'Content-Length': '34082855', 'Connection': 'keep-alive', 'Last-Modified': 'Thu, 22 Jun 2023 10:01:02 GMT', 'x-amz-server-side-encryption': 'AES256', 'Accept-Ranges': 'bytes', 'Server': 'AmazonS3', 'Date': 'Thu, 22 Jun 2023 14:36:44 GMT', 'ETag': '""8ac8aa3c5414053de61f649fe776b0db-3""', 'Vary': 'Accept-Encoding', 'X-Cache': 'Hit from cloudfront', 'Via': '1.1 cb0d3a2bdc5300e2d139e111e94efe5a.cloudfront.net (CloudFront)', 'X-Amz-Cf-Pop': 'ZRH55-P1', 'X-Amz-Cf-Id': 'OqVTUOL4SVVdT-iqkpsOtpI5NxFX1Mm3xotlYmuNa2kAFbK5CQB_7w==', 'Age': '7'}"
22-06-2023_16:36:58:237259,18.165.185.183,687.393, , , ,video/mp4,34082855,keep-alive,"Thu, 22 Jun 2023 14:37:00 GMT","Thu, 22 Jun 2023 10:01:02 GMT","""8ac8aa3c5414053de61f649fe776b0db-3""", ,AES256, , , ,bytes,AmazonS3, , , , ,RefreshHit from cloudfront,1.1 fa2f998214db1c6c6bdb96ceff3ce5d8.cloudfront.net (CloudFront),ZRH55-P1,EwS6nHVwofy3UnoGQYPQ76W25HqWagEUFNzL8UONOkxQkhO7RW0kaw==, ,https://d2ujgmo1oihwsm.cloudfront.net/myvideo-california.mp4,my content hosted on CloudFront,"{'Content-Type': 'video/mp4', 'Content-Length': '34082855', 'Connection': 'keep-alive', 'Last-Modified': 'Thu, 22 Jun 2023 10:01:02 GMT', 'x-amz-server-side-encryption': 'AES256', 'Accept-Ranges': 'bytes', 'Server': 'AmazonS3', 'Date': 'Thu, 22 Jun 2023 14:37:00 GMT', 'ETag': '""8ac8aa3c5414053de61f649fe776b0db-3""', 'Vary': 'Accept-Encoding', 'X-Cache': 'RefreshHit from cloudfront', 'Via': '1.1 fa2f998214db1c6c6bdb96ceff3ce5d8.cloudfront.net (CloudFront)', 'X-Amz-Cf-Pop': 'ZRH55-P1', 'X-Amz-Cf-Id': 'EwS6nHVwofy3UnoGQYPQ76W25HqWagEUFNzL8UONOkxQkhO7RW0kaw=='}"
22-06-2023_16:37:06:115884,18.165.185.183,30.953000000000003, , , ,video/mp4,34082855,keep-alive,"Thu, 22 Jun 2023 14:37:00 GMT","Thu, 22 Jun 2023 10:01:02 GMT","""8ac8aa3c5414053de61f649fe776b0db-3""", ,AES256, , , ,bytes,AmazonS3, , , , ,Hit from cloudfront,1.1 9f25aa45df27e50f380232059fde4c1a.cloudfront.net (CloudFront),ZRH55-P1,7N_Mag65728WnxVJ4Z6jKCtfSn8BzbsmLyLGGjenrJqcQ_Z7B__GEQ==,7,https://d2ujgmo1oihwsm.cloudfront.net/myvideo-california.mp4,my content hosted on CloudFront,"{'Content-Type': 'video/mp4', 'Content-Length': '34082855', 'Connection': 'keep-alive', 'Last-Modified': 'Thu, 22 Jun 2023 10:01:02 GMT', 'x-amz-server-side-encryption': 'AES256', 'Accept-Ranges': 'bytes', 'Server': 'AmazonS3', 'Date': 'Thu, 22 Jun 2023 14:37:00 GMT', 'ETag': '""8ac8aa3c5414053de61f649fe776b0db-3""', 'Vary': 'Accept-Encoding', 'X-Cache': 'Hit from cloudfront', 'Via': '1.1 9f25aa45df27e50f380232059fde4c1a.cloudfront.net (CloudFront)', 'X-Amz-Cf-Pop': 'ZRH55-P1', 'X-Amz-Cf-Id': '7N_Mag65728WnxVJ4Z6jKCtfSn8BzbsmLyLGGjenrJqcQ_Z7B__GEQ==', 'Age': '7'}"
22-06-2023_16:37:13:993902,18.165.185.183,674.2099999999999, , , ,video/mp4,34082855,keep-alive,"Thu, 22 Jun 2023 14:37:15 GMT","Thu, 22 Jun 2023 10:01:02 GMT","""8ac8aa3c5414053de61f649fe776b0db-3""", ,AES256, , , ,bytes,AmazonS3, , , , ,RefreshHit from cloudfront,1.1 841da31399fe7f7e7065c840a22fae0a.cloudfront.net (CloudFront),ZRH55-P1,M4P6KiopppQhYix3o5IQQ9FheFWLsrT7VnFvovsgjTbVOIG7RybJvA==, ,https://d2ujgmo1oihwsm.cloudfront.net/myvideo-california.mp4,my content hosted on CloudFront,"{'Content-Type': 'video/mp4', 'Content-Length': '34082855', 'Connection': 'keep-alive', 'Last-Modified': 'Thu, 22 Jun 2023 10:01:02 GMT', 'x-amz-server-side-encryption': 'AES256', 'Accept-Ranges': 'bytes', 'Server': 'AmazonS3', 'Date': 'Thu, 22 Jun 2023 14:37:15 GMT', 'ETag': '""8ac8aa3c5414053de61f649fe776b0db-3""', 'Vary': 'Accept-Encoding', 'X-Cache': 'RefreshHit from cloudfront', 'Via': '1.1 841da31399fe7f7e7065c840a22fae0a.cloudfront.net (CloudFront)', 'X-Amz-Cf-Pop': 'ZRH55-P1', 'X-Amz-Cf-Id': 'M4P6KiopppQhYix3o5IQQ9FheFWLsrT7VnFvovsgjTbVOIG7RybJvA=='}"
22-06-2023_16:37:21:856573,18.165.185.183,27.695, , , ,video/mp4,34082855,keep-alive,"Thu, 22 Jun 2023 14:37:15 GMT","Thu, 22 Jun 2023 10:01:02 GMT","""8ac8aa3c5414053de61f649fe776b0db-3""", ,AES256, , , ,bytes,AmazonS3, , , , ,Hit from cloudfront,1.1 6678c1810851ff197cbe3fe4c41e86a6.cloudfront.net (CloudFront),ZRH55-P1,j2sPx3vvOJGP3tSpreQ6mdz_NTwgJohFTDYRa-Uz3EhXc5twsCALmw==,8,https://d2ujgmo1oihwsm.cloudfront.net/myvideo-california.mp4,my content hosted on CloudFront,"{'Content-Type': 'video/mp4', 'Content-Length': '34082855', 'Connection': 'keep-alive', 'Last-Modified': 'Thu, 22 Jun 2023 10:01:02 GMT', 'x-amz-server-side-encryption': 'AES256', 'Accept-Ranges': 'bytes', 'Server': 'AmazonS3', 'Date': 'Thu, 22 Jun 2023 14:37:15 GMT', 'ETag': '""8ac8aa3c5414053de61f649fe776b0db-3""', 'Vary': 'Accept-Encoding', 'X-Cache': 'Hit from cloudfront', 'Via': '1.1 6678c1810851ff197cbe3fe4c41e86a6.cloudfront.net (CloudFront)', 'X-Amz-Cf-Pop': 'ZRH55-P1', 'X-Amz-Cf-Id': 'j2sPx3vvOJGP3tSpreQ6mdz_NTwgJohFTDYRa-Uz3EhXc5twsCALmw==', 'Age': '8'}"
22-06-2023_16:37:29:722938,18.165.185.22,662.849, , , ,video/mp4,34082855,keep-alive,"Thu, 22 Jun 2023 14:37:31 GMT","Thu, 22 Jun 2023 10:01:02 GMT","""8ac8aa3c5414053de61f649fe776b0db-3""", ,AES256, , , ,bytes,AmazonS3, , , , ,RefreshHit from cloudfront,1.1 9f25aa45df27e50f380232059fde4c1a.cloudfront.net (CloudFront),ZRH55-P1,lMQHaIXqW8EXXeo4U-mj_ijfrGYep4Fkhvkb5CyFfBsuPKxUEo2ttQ==, ,https://d2ujgmo1oihwsm.cloudfront.net/myvideo-california.mp4,my content hosted on CloudFront,"{'Content-Type': 'video/mp4', 'Content-Length': '34082855', 'Connection': 'keep-alive', 'Last-Modified': 'Thu, 22 Jun 2023 10:01:02 GMT', 'x-amz-server-side-encryption': 'AES256', 'Accept-Ranges': 'bytes', 'Server': 'AmazonS3', 'Date': 'Thu, 22 Jun 2023 14:37:31 GMT', 'ETag': '""8ac8aa3c5414053de61f649fe776b0db-3""', 'Vary': 'Accept-Encoding', 'X-Cache': 'RefreshHit from cloudfront', 'Via': '1.1 9f25aa45df27e50f380232059fde4c1a.cloudfront.net (CloudFront)', 'X-Amz-Cf-Pop': 'ZRH55-P1', 'X-Amz-Cf-Id': 'lMQHaIXqW8EXXeo4U-mj_ijfrGYep4Fkhvkb5CyFfBsuPKxUEo2ttQ=='}"
22-06-2023_16:37:37:606882,18.165.185.22,28.035, , , ,video/mp4,34082855,keep-alive,"Thu, 22 Jun 2023 14:37:31 GMT","Thu, 22 Jun 2023 10:01:02 GMT","""8ac8aa3c5414053de61f649fe776b0db-3""", ,AES256, , , ,bytes,AmazonS3, , , , ,Hit from cloudfront,1.1 2aefdd231d9806ea2eced3399f411f80.cloudfront.net (CloudFront),ZRH55-P1,H9PQZwGkk7-m08S7oicOW-BeWSQjjNs_Ohq7Xb8pba7iFtUz_uGYfQ==,7,https://d2ujgmo1oihwsm.cloudfront.net/myvideo-california.mp4,my content hosted on CloudFront,"{'Content-Type': 'video/mp4', 'Content-Length': '34082855', 'Connection': 'keep-alive', 'Last-Modified': 'Thu, 22 Jun 2023 10:01:02 GMT', 'x-amz-server-side-encryption': 'AES256', 'Accept-Ranges': 'bytes', 'Server': 'AmazonS3', 'Date': 'Thu, 22 Jun 2023 14:37:31 GMT', 'ETag': '""8ac8aa3c5414053de61f649fe776b0db-3""', 'Vary': 'Accept-Encoding', 'X-Cache': 'Hit from cloudfront', 'Via': '1.1 2aefdd231d9806ea2eced3399f411f80.cloudfront.net (CloudFront)', 'X-Amz-Cf-Pop': 'ZRH55-P1', 'X-Amz-Cf-Id': 'H9PQZwGkk7-m08S7oicOW-BeWSQjjNs_Ohq7Xb8pba7iFtUz_uGYfQ==', 'Age': '7'}"
22-06-2023_16:37:45:509129,18.165.185.22,680.646, , , ,video/mp4,34082855,keep-alive,"Thu, 22 Jun 2023 14:37:47 GMT","Thu, 22 Jun 2023 10:01:02 GMT","""8ac8aa3c5414053de61f649fe776b0db-3""", ,AES256, , , ,bytes,AmazonS3, , , , ,RefreshHit from cloudfront,1.1 2aefdd231d9806ea2eced3399f411f80.cloudfront.net (CloudFront),ZRH55-P1,68xehdrsaTjs9c9-RzuJtsF6T1MlWAcXoldVtryo6r6erPqlUZcm3A==, ,https://d2ujgmo1oihwsm.cloudfront.net/myvideo-california.mp4,my content hosted on CloudFront,"{'Content-Type': 'video/mp4', 'Content-Length': '34082855', 'Connection': 'keep-alive', 'Last-Modified': 'Thu, 22 Jun 2023 10:01:02 GMT', 'x-amz-server-side-encryption': 'AES256', 'Accept-Ranges': 'bytes', 'Server': 'AmazonS3', 'Date': 'Thu, 22 Jun 2023 14:37:47 GMT', 'ETag': '""8ac8aa3c5414053de61f649fe776b0db-3""', 'Vary': 'Accept-Encoding', 'X-Cache': 'RefreshHit from cloudfront', 'Via': '1.1 2aefdd231d9806ea2eced3399f411f80.cloudfront.net (CloudFront)', 'X-Amz-Cf-Pop': 'ZRH55-P1', 'X-Amz-Cf-Id': '68xehdrsaTjs9c9-RzuJtsF6T1MlWAcXoldVtryo6r6erPqlUZcm3A=='}"
