timestamp(dd-mm-yyyy hh:mm:ss:ms),responseIP,latency(ms),traceroute_ips,traceroute_hnames,hop count,Content-Type,Content-Length,Connection,Date,Last-Modified,ETag,x-amz-storage-class,x-amz-server-side-encryption,x-amz-meta-dv-checksum-sha-1,x-amz-meta-dv-checksum-md5,x-amz-meta-dv-checksum-sha-256,Accept-Ranges,Server,X-Server-IP,X-Server-IP_hops,X-Server-IP_hnames,X-Server-IP_hopcount,X-Cache,Via,X-Amz-Cf-Pop,X-Amz-Cf-Id,Age,url,info,reasponseHeaders
22-06-2023_14:21:49:607066,13.224.98.228,81.63094520568848, , , ,video/mp4,34082855,keep-alive,"Thu, 22 Jun 2023 12:21:50 GMT","Wed, 07 Jun 2023 20:57:59 GMT","""a6cbf9a5290ee2e24448ebfe6be30375-2""", ,AES256, , , ,bytes,AmazonS3, , , , ,RefreshHit from cloudfront,1.1 f0f5607a03d2ae4c43b553dc2cef0c9e.cloudfront.net (CloudFront),ZRH50-C1,XRRhCgZJawedtZe5YORBnvqBlv4VHYkLRctndJnp0TVHMfiZKAoEmw==, ,http://dqyld80z0uwn9.cloudfront.net/myvideo.mp4,my content hosted on CloudFront,"{'Content-Type': 'video/mp4', 'Content-Length': '34082855', 'Connection': 'keep-alive', 'Last-Modified': 'Wed, 07 Jun 2023 20:57:59 GMT', 'x-amz-server-side-encryption': 'AES256', 'Accept-Ranges': 'bytes', 'Server': 'AmazonS3', 'Date': 'Thu, 22 Jun 2023 12:21:50 GMT', 'ETag': '""a6cbf9a5290ee2e24448ebfe6be30375-2""', 'Vary': 'Accept-Encoding', 'X-Cache': 'RefreshHit from cloudfront', 'Via': '1.1 f0f5607a03d2ae4c43b553dc2cef0c9e.cloudfront.net (CloudFront)', 'X-Amz-Cf-Pop': 'ZRH50-C1', 'X-Amz-Cf-Id': 'XRRhCgZJawedtZe5YORBnvqBlv4VHYkLRctndJnp0TVHMfiZKAoEmw=='}"
22-06-2023_14:21:59:693361,13.224.98.228,56.136131286621094, , , ,video/mp4,34082855,keep-alive,"Thu, 22 Jun 2023 12:22:00 GMT","Wed, 07 Jun 2023 20:57:59 GMT","""a6cbf9a5290ee2e24448ebfe6be30375-2""", ,AES256, , , ,bytes,AmazonS3, , , , ,RefreshHit from cloudfront,1.1 a70d280cd058ea89c08954ea0ad67198.cloudfront.net (CloudFront),ZRH50-C1,36DXv30lFDeGT_oDcK91Mnd2iWpkpyTqw3S42ofGi9rRMapiyPY2Dw==, ,http://dqyld80z0uwn9.cloudfront.net/myvideo.mp4,my content hosted on CloudFront,"{'Content-Type': 'video/mp4', 'Content-Length': '34082855', 'Connection': 'keep-alive', 'Last-Modified': 'Wed, 07 Jun 2023 20:57:59 GMT', 'x-amz-server-side-encryption': 'AES256', 'Accept-Ranges': 'bytes', 'Server': 'AmazonS3', 'Date': 'Thu, 22 Jun 2023 12:22:00 GMT', 'ETag': '""a6cbf9a5290ee2e24448ebfe6be30375-2""', 'Vary': 'Accept-Encoding', 'X-Cache': 'RefreshHit from cloudfront', 'Via': '1.1 a70d280cd058ea89c08954ea0ad67198.cloudfront.net (CloudFront)', 'X-Amz-Cf-Pop': 'ZRH50-C1', 'X-Amz-Cf-Id': '36DXv30lFDeGT_oDcK91Mnd2iWpkpyTqw3S42ofGi9rRMapiyPY2Dw=='}"
22-06-2023_14:22:09:773830,13.224.98.228,53.49302291870117, , , ,video/mp4,34082855,keep-alive,"Thu, 22 Jun 2023 12:22:11 GMT","Wed, 07 Jun 2023 20:57:59 GMT","""a6cbf9a5290ee2e24448ebfe6be30375-2""", ,AES256, , , ,bytes,AmazonS3, , , , ,RefreshHit from cloudfront,1.1 27fe4928fb2081beeb65fdbf439bb418.cloudfront.net (CloudFront),ZRH50-C1,uenlrLdAQchs-r8CGAVy--O9C6EmFZAuQ2NYWtiaebWfGaq5Astybg==, ,http://dqyld80z0uwn9.cloudfront.net/myvideo.mp4,my content hosted on CloudFront,"{'Content-Type': 'video/mp4', 'Content-Length': '34082855', 'Connection': 'keep-alive', 'Last-Modified': 'Wed, 07 Jun 2023 20:57:59 GMT', 'x-amz-server-side-encryption': 'AES256', 'Accept-Ranges': 'bytes', 'Server': 'AmazonS3', 'Date': 'Thu, 22 Jun 2023 12:22:11 GMT', 'ETag': '""a6cbf9a5290ee2e24448ebfe6be30375-2""', 'Vary': 'Accept-Encoding', 'X-Cache': 'RefreshHit from cloudfront', 'Via': '1.1 27fe4928fb2081beeb65fdbf439bb418.cloudfront.net (CloudFront)', 'X-Amz-Cf-Pop': 'ZRH50-C1', 'X-Amz-Cf-Id': 'uenlrLdAQchs-r8CGAVy--O9C6EmFZAuQ2NYWtiaebWfGaq5Astybg=='}"
22-06-2023_14:22:19:831863,13.224.98.228,54.91971969604492, , , ,video/mp4,34082855,keep-alive,"Thu, 22 Jun 2023 12:22:21 GMT","Wed, 07 Jun 2023 20:57:59 GMT","""a6cbf9a5290ee2e24448ebfe6be30375-2""", ,AES256, , , ,bytes,AmazonS3, , , , ,RefreshHit from cloudfront,1.1 08c5e904e2f0226b2d9c1417f32b12f2.cloudfront.net (CloudFront),ZRH50-C1,2RugQozttKaVeS0WqxFZ0exkYdVVya7a1h3Wx4Z0C3pvFLzfBmk05g==, ,http://dqyld80z0uwn9.cloudfront.net/myvideo.mp4,my content hosted on CloudFront,"{'Content-Type': 'video/mp4', 'Content-Length': '34082855', 'Connection': 'keep-alive', 'Last-Modified': 'Wed, 07 Jun 2023 20:57:59 GMT', 'x-amz-server-side-encryption': 'AES256', 'Accept-Ranges': 'bytes', 'Server': 'AmazonS3', 'Date': 'Thu, 22 Jun 2023 12:22:21 GMT', 'ETag': '""a6cbf9a5290ee2e24448ebfe6be30375-2""', 'Vary': 'Accept-Encoding', 'X-Cache': 'RefreshHit from cloudfront', 'Via': '1.1 08c5e904e2f0226b2d9c1417f32b12f2.cloudfront.net (CloudFront)', 'X-Amz-Cf-Pop': 'ZRH50-C1', 'X-Amz-Cf-Id': '2RugQozttKaVeS0WqxFZ0exkYdVVya7a1h3Wx4Z0C3pvFLzfBmk05g=='}"
22-06-2023_14:22:29:893636,13.224.98.228,56.98394775390625, , , ,video/mp4,34082855,keep-alive,"Thu, 22 Jun 2023 12:22:31 GMT","Wed, 07 Jun 2023 20:57:59 GMT","""a6cbf9a5290ee2e24448ebfe6be30375-2""", ,AES256, , , ,bytes,AmazonS3, , , , ,RefreshHit from cloudfront,1.1 aa001e3127bb5bd7bbc48bc4fef44b78.cloudfront.net (CloudFront),ZRH50-C1,6w8VoKEz67beOnGatFk57SyvYymnMHx8UZKEbPxg4TVJ1awtZjFUNQ==, ,http://dqyld80z0uwn9.cloudfront.net/myvideo.mp4,my content hosted on CloudFront,"{'Content-Type': 'video/mp4', 'Content-Length': '34082855', 'Connection': 'keep-alive', 'Last-Modified': 'Wed, 07 Jun 2023 20:57:59 GMT', 'x-amz-server-side-encryption': 'AES256', 'Accept-Ranges': 'bytes', 'Server': 'AmazonS3', 'Date': 'Thu, 22 Jun 2023 12:22:31 GMT', 'ETag': '""a6cbf9a5290ee2e24448ebfe6be30375-2""', 'Vary': 'Accept-Encoding', 'X-Cache': 'RefreshHit from cloudfront', 'Via': '1.1 aa001e3127bb5bd7bbc48bc4fef44b78.cloudfront.net (CloudFront)', 'X-Amz-Cf-Pop': 'ZRH50-C1', 'X-Amz-Cf-Id': '6w8VoKEz67beOnGatFk57SyvYymnMHx8UZKEbPxg4TVJ1awtZjFUNQ=='}"
22-06-2023_14:22:39:958807,13.224.98.228,57.649850845336914, , , ,video/mp4,34082855,keep-alive,"Thu, 22 Jun 2023 12:22:41 GMT","Wed, 07 Jun 2023 20:57:59 GMT","""a6cbf9a5290ee2e24448ebfe6be30375-2""", ,AES256, , , ,bytes,AmazonS3, , , , ,RefreshHit from cloudfront,1.1 aa001e3127bb5bd7bbc48bc4fef44b78.cloudfront.net (CloudFront),ZRH50-C1,ub19_ODtF5f2VGc-R3lj7Fne2u3QKPYwyKoOdtpaLzvdhIBcXewm7Q==, ,http://dqyld80z0uwn9.cloudfront.net/myvideo.mp4,my content hosted on CloudFront,"{'Content-Type': 'video/mp4', 'Content-Length': '34082855', 'Connection': 'keep-alive', 'Last-Modified': 'Wed, 07 Jun 2023 20:57:59 GMT', 'x-amz-server-side-encryption': 'AES256', 'Accept-Ranges': 'bytes', 'Server': 'AmazonS3', 'Date': 'Thu, 22 Jun 2023 12:22:41 GMT', 'ETag': '""a6cbf9a5290ee2e24448ebfe6be30375-2""', 'Vary': 'Accept-Encoding', 'X-Cache': 'RefreshHit from cloudfront', 'Via': '1.1 aa001e3127bb5bd7bbc48bc4fef44b78.cloudfront.net (CloudFront)', 'X-Amz-Cf-Pop': 'ZRH50-C1', 'X-Amz-Cf-Id': 'ub19_ODtF5f2VGc-R3lj7Fne2u3QKPYwyKoOdtpaLzvdhIBcXewm7Q=='}"
22-06-2023_14:22:50:021995,13.224.98.228,62.07776069641113, , , ,video/mp4,34082855,keep-alive,"Thu, 22 Jun 2023 12:22:51 GMT","Wed, 07 Jun 2023 20:57:59 GMT","""a6cbf9a5290ee2e24448ebfe6be30375-2""", ,AES256, , , ,bytes,AmazonS3, , , , ,RefreshHit from cloudfront,1.1 25d46f0dbca17b9a78cca036e17d8ad2.cloudfront.net (CloudFront),ZRH50-C1,cUFi_4wl0D2a7nMOm12WHaaRcmKt-gs35pHZwq3WTmOXnwHns04BsA==, ,http://dqyld80z0uwn9.cloudfront.net/myvideo.mp4,my content hosted on CloudFront,"{'Content-Type': 'video/mp4', 'Content-Length': '34082855', 'Connection': 'keep-alive', 'Last-Modified': 'Wed, 07 Jun 2023 20:57:59 GMT', 'x-amz-server-side-encryption': 'AES256', 'Accept-Ranges': 'bytes', 'Server': 'AmazonS3', 'Date': 'Thu, 22 Jun 2023 12:22:51 GMT', 'ETag': '""a6cbf9a5290ee2e24448ebfe6be30375-2""', 'Vary': 'Accept-Encoding', 'X-Cache': 'RefreshHit from cloudfront', 'Via': '1.1 25d46f0dbca17b9a78cca036e17d8ad2.cloudfront.net (CloudFront)', 'X-Amz-Cf-Pop': 'ZRH50-C1', 'X-Amz-Cf-Id': 'cUFi_4wl0D2a7nMOm12WHaaRcmKt-gs35pHZwq3WTmOXnwHns04BsA=='}"
22-06-2023_14:23:00:099051,13.224.98.228,57.578086853027344, , , ,video/mp4,34082855,keep-alive,"Thu, 22 Jun 2023 12:23:01 GMT","Wed, 07 Jun 2023 20:57:59 GMT","""a6cbf9a5290ee2e24448ebfe6be30375-2""", ,AES256, , , ,bytes,AmazonS3, , , , ,RefreshHit from cloudfront,1.1 c76347c8ef1f3a2b6fb69cd7d1c6f748.cloudfront.net (CloudFront),ZRH50-C1,cmMyn9R4FG2NNHtuzrK-pg0RCwMje92zU9oAcOyhcxuvAjYmk2GmZw==, ,http://dqyld80z0uwn9.cloudfront.net/myvideo.mp4,my content hosted on CloudFront,"{'Content-Type': 'video/mp4', 'Content-Length': '34082855', 'Connection': 'keep-alive', 'Last-Modified': 'Wed, 07 Jun 2023 20:57:59 GMT', 'x-amz-server-side-encryption': 'AES256', 'Accept-Ranges': 'bytes', 'Server': 'AmazonS3', 'Date': 'Thu, 22 Jun 2023 12:23:01 GMT', 'ETag': '""a6cbf9a5290ee2e24448ebfe6be30375-2""', 'Vary': 'Accept-Encoding', 'X-Cache': 'RefreshHit from cloudfront', 'Via': '1.1 c76347c8ef1f3a2b6fb69cd7d1c6f748.cloudfront.net (CloudFront)', 'X-Amz-Cf-Pop': 'ZRH50-C1', 'X-Amz-Cf-Id': 'cmMyn9R4FG2NNHtuzrK-pg0RCwMje92zU9oAcOyhcxuvAjYmk2GmZw=='}"
22-06-2023_14:23:10:161618,13.224.98.218,93.80626678466797, , , ,video/mp4,34082855,keep-alive,"Thu, 22 Jun 2023 12:23:11 GMT","Wed, 07 Jun 2023 20:57:59 GMT","""a6cbf9a5290ee2e24448ebfe6be30375-2""", ,AES256, , , ,bytes,AmazonS3, , , , ,RefreshHit from cloudfront,1.1 d4ab4520827d99650a0d233539c37424.cloudfront.net (CloudFront),ZRH50-C1,WFt3rJ88P58qIQ99Cu4UPgVsO5LH6wVp1bFP_T0iS1-lkXkzVI7Wpg==, ,http://dqyld80z0uwn9.cloudfront.net/myvideo.mp4,my content hosted on CloudFront,"{'Content-Type': 'video/mp4', 'Content-Length': '34082855', 'Connection': 'keep-alive', 'Last-Modified': 'Wed, 07 Jun 2023 20:57:59 GMT', 'x-amz-server-side-encryption': 'AES256', 'Accept-Ranges': 'bytes', 'Server': 'AmazonS3', 'Date': 'Thu, 22 Jun 2023 12:23:11 GMT', 'ETag': '""a6cbf9a5290ee2e24448ebfe6be30375-2""', 'Vary': 'Accept-Encoding', 'X-Cache': 'RefreshHit from cloudfront', 'Via': '1.1 d4ab4520827d99650a0d233539c37424.cloudfront.net (CloudFront)', 'X-Amz-Cf-Pop': 'ZRH50-C1', 'X-Amz-Cf-Id': 'WFt3rJ88P58qIQ99Cu4UPgVsO5LH6wVp1bFP_T0iS1-lkXkzVI7Wpg=='}"
22-06-2023_14:23:20:266278,13.224.98.218,69.22101974487305, , , ,video/mp4,34082855,keep-alive,"Thu, 22 Jun 2023 12:23:21 GMT","Wed, 07 Jun 2023 20:57:59 GMT","""a6cbf9a5290ee2e24448ebfe6be30375-2""", ,AES256, , , ,bytes,AmazonS3, , , , ,RefreshHit from cloudfront,1.1 08c5e904e2f0226b2d9c1417f32b12f2.cloudfront.net (CloudFront),ZRH50-C1,azHBnK3ZnVAGH-7H9CgIDbIdvNxva0DYFigGdLnu2jsBoW7OEc00wg==, ,http://dqyld80z0uwn9.cloudfront.net/myvideo.mp4,my content hosted on CloudFront,"{'Content-Type': 'video/mp4', 'Content-Length': '34082855', 'Connection': 'keep-alive', 'Last-Modified': 'Wed, 07 Jun 2023 20:57:59 GMT', 'x-amz-server-side-encryption': 'AES256', 'Accept-Ranges': 'bytes', 'Server': 'AmazonS3', 'Date': 'Thu, 22 Jun 2023 12:23:21 GMT', 'ETag': '""a6cbf9a5290ee2e24448ebfe6be30375-2""', 'Vary': 'Accept-Encoding', 'X-Cache': 'RefreshHit from cloudfront', 'Via': '1.1 08c5e904e2f0226b2d9c1417f32b12f2.cloudfront.net (CloudFront)', 'X-Amz-Cf-Pop': 'ZRH50-C1', 'X-Amz-Cf-Id': 'azHBnK3ZnVAGH-7H9CgIDbIdvNxva0DYFigGdLnu2jsBoW7OEc00wg=='}"
22-06-2023_14:23:30:342557,13.224.98.218,56.59198760986328, , , ,video/mp4,34082855,keep-alive,"Thu, 22 Jun 2023 12:23:31 GMT","Wed, 07 Jun 2023 20:57:59 GMT","""a6cbf9a5290ee2e24448ebfe6be30375-2""", ,AES256, , , ,bytes,AmazonS3, , , , ,RefreshHit from cloudfront,1.1 3a17ea4b3f6bdbc694c3ec0645d21b5e.cloudfront.net (CloudFront),ZRH50-C1,LZJUGy5rWR4xIozyenZPtiLfet1U9opCW93nT0MrZ0qFXSZdFkUsvA==, ,http://dqyld80z0uwn9.cloudfront.net/myvideo.mp4,my content hosted on CloudFront,"{'Content-Type': 'video/mp4', 'Content-Length': '34082855', 'Connection': 'keep-alive', 'Last-Modified': 'Wed, 07 Jun 2023 20:57:59 GMT', 'x-amz-server-side-encryption': 'AES256', 'Accept-Ranges': 'bytes', 'Server': 'AmazonS3', 'Date': 'Thu, 22 Jun 2023 12:23:31 GMT', 'ETag': '""a6cbf9a5290ee2e24448ebfe6be30375-2""', 'Vary': 'Accept-Encoding', 'X-Cache': 'RefreshHit from cloudfront', 'Via': '1.1 3a17ea4b3f6bdbc694c3ec0645d21b5e.cloudfront.net (CloudFront)', 'X-Amz-Cf-Pop': 'ZRH50-C1', 'X-Amz-Cf-Id': 'LZJUGy5rWR4xIozyenZPtiLfet1U9opCW93nT0MrZ0qFXSZdFkUsvA=='}"
22-06-2023_14:23:40:485072,13.224.98.218,58.367013931274414, , , ,video/mp4,34082855,keep-alive,"Thu, 22 Jun 2023 12:23:41 GMT","Wed, 07 Jun 2023 20:57:59 GMT","""a6cbf9a5290ee2e24448ebfe6be30375-2""", ,AES256, , , ,bytes,AmazonS3, , , , ,RefreshHit from cloudfront,1.1 eb7b239aed47669f8a7b6ac95bc8aff0.cloudfront.net (CloudFront),ZRH50-C1,3ghRPakz2zo58nWBaZIRjRq6pikfAxaoWKDd6dRp77rk9WuE6aqasA==, ,http://dqyld80z0uwn9.cloudfront.net/myvideo.mp4,my content hosted on CloudFront,"{'Content-Type': 'video/mp4', 'Content-Length': '34082855', 'Connection': 'keep-alive', 'Last-Modified': 'Wed, 07 Jun 2023 20:57:59 GMT', 'x-amz-server-side-encryption': 'AES256', 'Accept-Ranges': 'bytes', 'Server': 'AmazonS3', 'Date': 'Thu, 22 Jun 2023 12:23:41 GMT', 'ETag': '""a6cbf9a5290ee2e24448ebfe6be30375-2""', 'Vary': 'Accept-Encoding', 'X-Cache': 'RefreshHit from cloudfront', 'Via': '1.1 eb7b239aed47669f8a7b6ac95bc8aff0.cloudfront.net (CloudFront)', 'X-Amz-Cf-Pop': 'ZRH50-C1', 'X-Amz-Cf-Id': '3ghRPakz2zo58nWBaZIRjRq6pikfAxaoWKDd6dRp77rk9WuE6aqasA=='}"
22-06-2023_14:23:50:549334,13.224.98.218,63.93289566040039, , , ,video/mp4,34082855,keep-alive,"Thu, 22 Jun 2023 12:23:51 GMT","Wed, 07 Jun 2023 20:57:59 GMT","""a6cbf9a5290ee2e24448ebfe6be30375-2""", ,AES256, , , ,bytes,AmazonS3, , , , ,RefreshHit from cloudfront,1.1 8455bcb2c0203b0c4ee93b610d75e69a.cloudfront.net (CloudFront),ZRH50-C1,f5ppHWyjiCxzMYOsj7miDTs6ozFgge8sNCQw2WJZyBSRCK1zvV_EEg==, ,http://dqyld80z0uwn9.cloudfront.net/myvideo.mp4,my content hosted on CloudFront,"{'Content-Type': 'video/mp4', 'Content-Length': '34082855', 'Connection': 'keep-alive', 'Last-Modified': 'Wed, 07 Jun 2023 20:57:59 GMT', 'x-amz-server-side-encryption': 'AES256', 'Accept-Ranges': 'bytes', 'Server': 'AmazonS3', 'Date': 'Thu, 22 Jun 2023 12:23:51 GMT', 'ETag': '""a6cbf9a5290ee2e24448ebfe6be30375-2""', 'Vary': 'Accept-Encoding', 'X-Cache': 'RefreshHit from cloudfront', 'Via': '1.1 8455bcb2c0203b0c4ee93b610d75e69a.cloudfront.net (CloudFront)', 'X-Amz-Cf-Pop': 'ZRH50-C1', 'X-Amz-Cf-Id': 'f5ppHWyjiCxzMYOsj7miDTs6ozFgge8sNCQw2WJZyBSRCK1zvV_EEg=='}"
22-06-2023_14:24:00:630860,13.224.98.218,59.63420867919922, , , ,video/mp4,34082855,keep-alive,"Thu, 22 Jun 2023 12:24:01 GMT","Wed, 07 Jun 2023 20:57:59 GMT","""a6cbf9a5290ee2e24448ebfe6be30375-2""", ,AES256, , , ,bytes,AmazonS3, , , , ,RefreshHit from cloudfront,1.1 5e318b3ea3fa81a8c20898c2f8c40e7c.cloudfront.net (CloudFront),ZRH50-C1,aCahG5ICe32rUu2bf2UZZjC59Irwg0KhehxLa1Vv46hx5u_CeToqdg==, ,http://dqyld80z0uwn9.cloudfront.net/myvideo.mp4,my content hosted on CloudFront,"{'Content-Type': 'video/mp4', 'Content-Length': '34082855', 'Connection': 'keep-alive', 'Last-Modified': 'Wed, 07 Jun 2023 20:57:59 GMT', 'x-amz-server-side-encryption': 'AES256', 'Accept-Ranges': 'bytes', 'Server': 'AmazonS3', 'Date': 'Thu, 22 Jun 2023 12:24:01 GMT', 'ETag': '""a6cbf9a5290ee2e24448ebfe6be30375-2""', 'Vary': 'Accept-Encoding', 'X-Cache': 'RefreshHit from cloudfront', 'Via': '1.1 5e318b3ea3fa81a8c20898c2f8c40e7c.cloudfront.net (CloudFront)', 'X-Amz-Cf-Pop': 'ZRH50-C1', 'X-Amz-Cf-Id': 'aCahG5ICe32rUu2bf2UZZjC59Irwg0KhehxLa1Vv46hx5u_CeToqdg=='}"
22-06-2023_14:24:10:697913,13.224.98.218,46.0050106048584, , , ,video/mp4,34082855,keep-alive,"Thu, 22 Jun 2023 12:24:11 GMT","Wed, 07 Jun 2023 20:57:59 GMT","""a6cbf9a5290ee2e24448ebfe6be30375-2""", ,AES256, , , ,bytes,AmazonS3, , , , ,RefreshHit from cloudfront,1.1 03b8fedec120c9a0833a57a86eae03ae.cloudfront.net (CloudFront),ZRH50-C1,029ns-ELNqs8ca-7WZvFm2vn4tsLJvIemyKF1ld4OhKxqXsPOzVRdQ==, ,http://dqyld80z0uwn9.cloudfront.net/myvideo.mp4,my content hosted on CloudFront,"{'Content-Type': 'video/mp4', 'Content-Length': '34082855', 'Connection': 'keep-alive', 'Last-Modified': 'Wed, 07 Jun 2023 20:57:59 GMT', 'x-amz-server-side-encryption': 'AES256', 'Accept-Ranges': 'bytes', 'Server': 'AmazonS3', 'Date': 'Thu, 22 Jun 2023 12:24:11 GMT', 'ETag': '""a6cbf9a5290ee2e24448ebfe6be30375-2""', 'Vary': 'Accept-Encoding', 'X-Cache': 'RefreshHit from cloudfront', 'Via': '1.1 03b8fedec120c9a0833a57a86eae03ae.cloudfront.net (CloudFront)', 'X-Amz-Cf-Pop': 'ZRH50-C1', 'X-Amz-Cf-Id': '029ns-ELNqs8ca-7WZvFm2vn4tsLJvIemyKF1ld4OhKxqXsPOzVRdQ=='}"
22-06-2023_14:24:20:761087,13.224.98.218,54.98313903808594, , , ,video/mp4,34082855,keep-alive,"Thu, 22 Jun 2023 12:24:21 GMT","Wed, 07 Jun 2023 20:57:59 GMT","""a6cbf9a5290ee2e24448ebfe6be30375-2""", ,AES256, , , ,bytes,AmazonS3, , , , ,RefreshHit from cloudfront,1.1 449f2b51e83bf8ba5fa5e65ce60bc276.cloudfront.net (CloudFront),ZRH50-C1,tvvJkDzTP33xkHUKNrZDcLH1bRhGoSzgMxeMXj2xCk-hv0Ze-hHbIg==, ,http://dqyld80z0uwn9.cloudfront.net/myvideo.mp4,my content hosted on CloudFront,"{'Content-Type': 'video/mp4', 'Content-Length': '34082855', 'Connection': 'keep-alive', 'Last-Modified': 'Wed, 07 Jun 2023 20:57:59 GMT', 'x-amz-server-side-encryption': 'AES256', 'Accept-Ranges': 'bytes', 'Server': 'AmazonS3', 'Date': 'Thu, 22 Jun 2023 12:24:21 GMT', 'ETag': '""a6cbf9a5290ee2e24448ebfe6be30375-2""', 'Vary': 'Accept-Encoding', 'X-Cache': 'RefreshHit from cloudfront', 'Via': '1.1 449f2b51e83bf8ba5fa5e65ce60bc276.cloudfront.net (CloudFront)', 'X-Amz-Cf-Pop': 'ZRH50-C1', 'X-Amz-Cf-Id': 'tvvJkDzTP33xkHUKNrZDcLH1bRhGoSzgMxeMXj2xCk-hv0Ze-hHbIg=='}"
22-06-2023_14:24:30:821812,13.224.98.218,71.82788848876953, , , ,video/mp4,34082855,keep-alive,"Thu, 22 Jun 2023 12:24:32 GMT","Wed, 07 Jun 2023 20:57:59 GMT","""a6cbf9a5290ee2e24448ebfe6be30375-2""", ,AES256, , , ,bytes,AmazonS3, , , , ,RefreshHit from cloudfront,1.1 d7147e532e5cf73689fcb39fa760bcf2.cloudfront.net (CloudFront),ZRH50-C1,G6oorFrr1_W1ZKHsT6Xvwcj50HuYuIIL4quCwOvPad3Zl43k1egevg==, ,http://dqyld80z0uwn9.cloudfront.net/myvideo.mp4,my content hosted on CloudFront,"{'Content-Type': 'video/mp4', 'Content-Length': '34082855', 'Connection': 'keep-alive', 'Last-Modified': 'Wed, 07 Jun 2023 20:57:59 GMT', 'x-amz-server-side-encryption': 'AES256', 'Accept-Ranges': 'bytes', 'Server': 'AmazonS3', 'Date': 'Thu, 22 Jun 2023 12:24:32 GMT', 'ETag': '""a6cbf9a5290ee2e24448ebfe6be30375-2""', 'Vary': 'Accept-Encoding', 'X-Cache': 'RefreshHit from cloudfront', 'Via': '1.1 d7147e532e5cf73689fcb39fa760bcf2.cloudfront.net (CloudFront)', 'X-Amz-Cf-Pop': 'ZRH50-C1', 'X-Amz-Cf-Id': 'G6oorFrr1_W1ZKHsT6Xvwcj50HuYuIIL4quCwOvPad3Zl43k1egevg=='}"
22-06-2023_14:24:40:901315,13.224.98.218,54.32391166687012, , , ,video/mp4,34082855,keep-alive,"Thu, 22 Jun 2023 12:24:42 GMT","Wed, 07 Jun 2023 20:57:59 GMT","""a6cbf9a5290ee2e24448ebfe6be30375-2""", ,AES256, , , ,bytes,AmazonS3, , , , ,RefreshHit from cloudfront,1.1 871dedfc10f4428aa2412b6f788b791a.cloudfront.net (CloudFront),ZRH50-C1,b_WrIh-rIw8OpugygHUpdS6oEBLAOnqjrxuh6P-T0IkBhLzZiQjrPw==, ,http://dqyld80z0uwn9.cloudfront.net/myvideo.mp4,my content hosted on CloudFront,"{'Content-Type': 'video/mp4', 'Content-Length': '34082855', 'Connection': 'keep-alive', 'Last-Modified': 'Wed, 07 Jun 2023 20:57:59 GMT', 'x-amz-server-side-encryption': 'AES256', 'Accept-Ranges': 'bytes', 'Server': 'AmazonS3', 'Date': 'Thu, 22 Jun 2023 12:24:42 GMT', 'ETag': '""a6cbf9a5290ee2e24448ebfe6be30375-2""', 'Vary': 'Accept-Encoding', 'X-Cache': 'RefreshHit from cloudfront', 'Via': '1.1 871dedfc10f4428aa2412b6f788b791a.cloudfront.net (CloudFront)', 'X-Amz-Cf-Pop': 'ZRH50-C1', 'X-Amz-Cf-Id': 'b_WrIh-rIw8OpugygHUpdS6oEBLAOnqjrxuh6P-T0IkBhLzZiQjrPw=='}"
22-06-2023_14:24:50:964638,13.224.98.218,71.69818878173828, , , ,video/mp4,34082855,keep-alive,"Thu, 22 Jun 2023 12:24:52 GMT","Wed, 07 Jun 2023 20:57:59 GMT","""a6cbf9a5290ee2e24448ebfe6be30375-2""", ,AES256, , , ,bytes,AmazonS3, , , , ,RefreshHit from cloudfront,1.1 27fe4928fb2081beeb65fdbf439bb418.cloudfront.net (CloudFront),ZRH50-C1,TMUT04Sa29sAXVBMR9TbdrO_BLVykFgBw1yT9HGio5ypengw9oKJwA==, ,http://dqyld80z0uwn9.cloudfront.net/myvideo.mp4,my content hosted on CloudFront,"{'Content-Type': 'video/mp4', 'Content-Length': '34082855', 'Connection': 'keep-alive', 'Last-Modified': 'Wed, 07 Jun 2023 20:57:59 GMT', 'x-amz-server-side-encryption': 'AES256', 'Accept-Ranges': 'bytes', 'Server': 'AmazonS3', 'Date': 'Thu, 22 Jun 2023 12:24:52 GMT', 'ETag': '""a6cbf9a5290ee2e24448ebfe6be30375-2""', 'Vary': 'Accept-Encoding', 'X-Cache': 'RefreshHit from cloudfront', 'Via': '1.1 27fe4928fb2081beeb65fdbf439bb418.cloudfront.net (CloudFront)', 'X-Amz-Cf-Pop': 'ZRH50-C1', 'X-Amz-Cf-Id': 'TMUT04Sa29sAXVBMR9TbdrO_BLVykFgBw1yT9HGio5ypengw9oKJwA=='}"
22-06-2023_14:25:01:045072,13.224.98.218,75.85883140563965, , , ,video/mp4,34082855,keep-alive,"Thu, 22 Jun 2023 12:25:02 GMT","Wed, 07 Jun 2023 20:57:59 GMT","""a6cbf9a5290ee2e24448ebfe6be30375-2""", ,AES256, , , ,bytes,AmazonS3, , , , ,RefreshHit from cloudfront,1.1 d7147e532e5cf73689fcb39fa760bcf2.cloudfront.net (CloudFront),ZRH50-C1,HBVDLA-AHqSV_KSnsr6oAO_K_DWtOY5NZbf8yJG0kKcwpl_oWJXjKQ==, ,http://dqyld80z0uwn9.cloudfront.net/myvideo.mp4,my content hosted on CloudFront,"{'Content-Type': 'video/mp4', 'Content-Length': '34082855', 'Connection': 'keep-alive', 'Last-Modified': 'Wed, 07 Jun 2023 20:57:59 GMT', 'x-amz-server-side-encryption': 'AES256', 'Accept-Ranges': 'bytes', 'Server': 'AmazonS3', 'Date': 'Thu, 22 Jun 2023 12:25:02 GMT', 'ETag': '""a6cbf9a5290ee2e24448ebfe6be30375-2""', 'Vary': 'Accept-Encoding', 'X-Cache': 'RefreshHit from cloudfront', 'Via': '1.1 d7147e532e5cf73689fcb39fa760bcf2.cloudfront.net (CloudFront)', 'X-Amz-Cf-Pop': 'ZRH50-C1', 'X-Amz-Cf-Id': 'HBVDLA-AHqSV_KSnsr6oAO_K_DWtOY5NZbf8yJG0kKcwpl_oWJXjKQ=='}"
22-06-2023_14:25:11:127900,13.224.98.218,54.9771785736084, , , ,video/mp4,34082855,keep-alive,"Thu, 22 Jun 2023 12:25:12 GMT","Wed, 07 Jun 2023 20:57:59 GMT","""a6cbf9a5290ee2e24448ebfe6be30375-2""", ,AES256, , , ,bytes,AmazonS3, , , , ,RefreshHit from cloudfront,1.1 c07945b00aad28e34fbfebb3d3907060.cloudfront.net (CloudFront),ZRH50-C1,kczORT03fwG-9SBsE-EoBgcsf5UtNMEQZ5m_lyCwOW-3O3-MC6lGrQ==, ,http://dqyld80z0uwn9.cloudfront.net/myvideo.mp4,my content hosted on CloudFront,"{'Content-Type': 'video/mp4', 'Content-Length': '34082855', 'Connection': 'keep-alive', 'Last-Modified': 'Wed, 07 Jun 2023 20:57:59 GMT', 'x-amz-server-side-encryption': 'AES256', 'Accept-Ranges': 'bytes', 'Server': 'AmazonS3', 'Date': 'Thu, 22 Jun 2023 12:25:12 GMT', 'ETag': '""a6cbf9a5290ee2e24448ebfe6be30375-2""', 'Vary': 'Accept-Encoding', 'X-Cache': 'RefreshHit from cloudfront', 'Via': '1.1 c07945b00aad28e34fbfebb3d3907060.cloudfront.net (CloudFront)', 'X-Amz-Cf-Pop': 'ZRH50-C1', 'X-Amz-Cf-Id': 'kczORT03fwG-9SBsE-EoBgcsf5UtNMEQZ5m_lyCwOW-3O3-MC6lGrQ=='}"
22-06-2023_14:25:21:201520,13.224.98.218,54.41117286682129, , , ,video/mp4,34082855,keep-alive,"Thu, 22 Jun 2023 12:25:22 GMT","Wed, 07 Jun 2023 20:57:59 GMT","""a6cbf9a5290ee2e24448ebfe6be30375-2""", ,AES256, , , ,bytes,AmazonS3, , , , ,RefreshHit from cloudfront,1.1 e1532b3ffd3d84bfecb9972a863a75ee.cloudfront.net (CloudFront),ZRH50-C1,kKT4RrrvjEdCKp8GS-l-fRSyCJnjgLC3k4zXk6glw1M0ZrdErjRYOQ==, ,http://dqyld80z0uwn9.cloudfront.net/myvideo.mp4,my content hosted on CloudFront,"{'Content-Type': 'video/mp4', 'Content-Length': '34082855', 'Connection': 'keep-alive', 'Last-Modified': 'Wed, 07 Jun 2023 20:57:59 GMT', 'x-amz-server-side-encryption': 'AES256', 'Accept-Ranges': 'bytes', 'Server': 'AmazonS3', 'Date': 'Thu, 22 Jun 2023 12:25:22 GMT', 'ETag': '""a6cbf9a5290ee2e24448ebfe6be30375-2""', 'Vary': 'Accept-Encoding', 'X-Cache': 'RefreshHit from cloudfront', 'Via': '1.1 e1532b3ffd3d84bfecb9972a863a75ee.cloudfront.net (CloudFront)', 'X-Amz-Cf-Pop': 'ZRH50-C1', 'X-Amz-Cf-Id': 'kKT4RrrvjEdCKp8GS-l-fRSyCJnjgLC3k4zXk6glw1M0ZrdErjRYOQ=='}"
22-06-2023_14:25:31:266838,13.224.98.218,56.88881874084473, , , ,video/mp4,34082855,keep-alive,"Thu, 22 Jun 2023 12:25:32 GMT","Wed, 07 Jun 2023 20:57:59 GMT","""a6cbf9a5290ee2e24448ebfe6be30375-2""", ,AES256, , , ,bytes,AmazonS3, , , , ,RefreshHit from cloudfront,1.1 c07945b00aad28e34fbfebb3d3907060.cloudfront.net (CloudFront),ZRH50-C1,3MKzRvU-uYLz63Do8UcVlz-vKNJgaZgJWW5pakYnw8L39_UvBuj2Vg==, ,http://dqyld80z0uwn9.cloudfront.net/myvideo.mp4,my content hosted on CloudFront,"{'Content-Type': 'video/mp4', 'Content-Length': '34082855', 'Connection': 'keep-alive', 'Last-Modified': 'Wed, 07 Jun 2023 20:57:59 GMT', 'x-amz-server-side-encryption': 'AES256', 'Accept-Ranges': 'bytes', 'Server': 'AmazonS3', 'Date': 'Thu, 22 Jun 2023 12:25:32 GMT', 'ETag': '""a6cbf9a5290ee2e24448ebfe6be30375-2""', 'Vary': 'Accept-Encoding', 'X-Cache': 'RefreshHit from cloudfront', 'Via': '1.1 c07945b00aad28e34fbfebb3d3907060.cloudfront.net (CloudFront)', 'X-Amz-Cf-Pop': 'ZRH50-C1', 'X-Amz-Cf-Id': '3MKzRvU-uYLz63Do8UcVlz-vKNJgaZgJWW5pakYnw8L39_UvBuj2Vg=='}"
22-06-2023_14:25:41:328939,13.224.98.218,47.29413986206055, , , ,video/mp4,34082855,keep-alive,"Thu, 22 Jun 2023 12:25:42 GMT","Wed, 07 Jun 2023 20:57:59 GMT","""a6cbf9a5290ee2e24448ebfe6be30375-2""", ,AES256, , , ,bytes,AmazonS3, , , , ,RefreshHit from cloudfront,1.1 8455bcb2c0203b0c4ee93b610d75e69a.cloudfront.net (CloudFront),ZRH50-C1,jhjr7RvXZepHBg1kxoyqR7sHynhvwI_2cHJlDqNKRDKefnyM_fEvsQ==, ,http://dqyld80z0uwn9.cloudfront.net/myvideo.mp4,my content hosted on CloudFront,"{'Content-Type': 'video/mp4', 'Content-Length': '34082855', 'Connection': 'keep-alive', 'Last-Modified': 'Wed, 07 Jun 2023 20:57:59 GMT', 'x-amz-server-side-encryption': 'AES256', 'Accept-Ranges': 'bytes', 'Server': 'AmazonS3', 'Date': 'Thu, 22 Jun 2023 12:25:42 GMT', 'ETag': '""a6cbf9a5290ee2e24448ebfe6be30375-2""', 'Vary': 'Accept-Encoding', 'X-Cache': 'RefreshHit from cloudfront', 'Via': '1.1 8455bcb2c0203b0c4ee93b610d75e69a.cloudfront.net (CloudFront)', 'X-Amz-Cf-Pop': 'ZRH50-C1', 'X-Amz-Cf-Id': 'jhjr7RvXZepHBg1kxoyqR7sHynhvwI_2cHJlDqNKRDKefnyM_fEvsQ=='}"
22-06-2023_14:25:51:384266,13.224.98.228,73.87590408325195, , , ,video/mp4,34082855,keep-alive,"Thu, 22 Jun 2023 12:25:52 GMT","Wed, 07 Jun 2023 20:57:59 GMT","""a6cbf9a5290ee2e24448ebfe6be30375-2""", ,AES256, , , ,bytes,AmazonS3, , , , ,RefreshHit from cloudfront,1.1 b103085320b440f2b61bad94c412ff70.cloudfront.net (CloudFront),ZRH50-C1,ZBL9db-WVE0YPJEYWuhI2_Dkt59MhhsSKn--3jv5IWD6r0DMAsLL_Q==, ,http://dqyld80z0uwn9.cloudfront.net/myvideo.mp4,my content hosted on CloudFront,"{'Content-Type': 'video/mp4', 'Content-Length': '34082855', 'Connection': 'keep-alive', 'Last-Modified': 'Wed, 07 Jun 2023 20:57:59 GMT', 'x-amz-server-side-encryption': 'AES256', 'Accept-Ranges': 'bytes', 'Server': 'AmazonS3', 'Date': 'Thu, 22 Jun 2023 12:25:52 GMT', 'ETag': '""a6cbf9a5290ee2e24448ebfe6be30375-2""', 'Vary': 'Accept-Encoding', 'X-Cache': 'RefreshHit from cloudfront', 'Via': '1.1 b103085320b440f2b61bad94c412ff70.cloudfront.net (CloudFront)', 'X-Amz-Cf-Pop': 'ZRH50-C1', 'X-Amz-Cf-Id': 'ZBL9db-WVE0YPJEYWuhI2_Dkt59MhhsSKn--3jv5IWD6r0DMAsLL_Q=='}"
22-06-2023_14:26:01:470965,13.224.98.228,58.55894088745117, , , ,video/mp4,34082855,keep-alive,"Thu, 22 Jun 2023 12:26:02 GMT","Wed, 07 Jun 2023 20:57:59 GMT","""a6cbf9a5290ee2e24448ebfe6be30375-2""", ,AES256, , , ,bytes,AmazonS3, , , , ,RefreshHit from cloudfront,1.1 5e318b3ea3fa81a8c20898c2f8c40e7c.cloudfront.net (CloudFront),ZRH50-C1,Pv4pujmS4RSH1BjJNIFTo0G0S_cOeFR0xRBPZ6ip4PAyS891ChM7Jg==, ,http://dqyld80z0uwn9.cloudfront.net/myvideo.mp4,my content hosted on CloudFront,"{'Content-Type': 'video/mp4', 'Content-Length': '34082855', 'Connection': 'keep-alive', 'Last-Modified': 'Wed, 07 Jun 2023 20:57:59 GMT', 'x-amz-server-side-encryption': 'AES256', 'Accept-Ranges': 'bytes', 'Server': 'AmazonS3', 'Date': 'Thu, 22 Jun 2023 12:26:02 GMT', 'ETag': '""a6cbf9a5290ee2e24448ebfe6be30375-2""', 'Vary': 'Accept-Encoding', 'X-Cache': 'RefreshHit from cloudfront', 'Via': '1.1 5e318b3ea3fa81a8c20898c2f8c40e7c.cloudfront.net (CloudFront)', 'X-Amz-Cf-Pop': 'ZRH50-C1', 'X-Amz-Cf-Id': 'Pv4pujmS4RSH1BjJNIFTo0G0S_cOeFR0xRBPZ6ip4PAyS891ChM7Jg=='}"
22-06-2023_14:26:11:534850,13.224.98.228,59.047698974609375, , , ,video/mp4,34082855,keep-alive,"Thu, 22 Jun 2023 12:26:12 GMT","Wed, 07 Jun 2023 20:57:59 GMT","""a6cbf9a5290ee2e24448ebfe6be30375-2""", ,AES256, , , ,bytes,AmazonS3, , , , ,RefreshHit from cloudfront,1.1 c76347c8ef1f3a2b6fb69cd7d1c6f748.cloudfront.net (CloudFront),ZRH50-C1,FL9AVy5pQXhPcmBzJTwa0bJ2cR9WHJtXaksWjbj-nlPlUpw-8jIKSg==, ,http://dqyld80z0uwn9.cloudfront.net/myvideo.mp4,my content hosted on CloudFront,"{'Content-Type': 'video/mp4', 'Content-Length': '34082855', 'Connection': 'keep-alive', 'Last-Modified': 'Wed, 07 Jun 2023 20:57:59 GMT', 'x-amz-server-side-encryption': 'AES256', 'Accept-Ranges': 'bytes', 'Server': 'AmazonS3', 'Date': 'Thu, 22 Jun 2023 12:26:12 GMT', 'ETag': '""a6cbf9a5290ee2e24448ebfe6be30375-2""', 'Vary': 'Accept-Encoding', 'X-Cache': 'RefreshHit from cloudfront', 'Via': '1.1 c76347c8ef1f3a2b6fb69cd7d1c6f748.cloudfront.net (CloudFront)', 'X-Amz-Cf-Pop': 'ZRH50-C1', 'X-Amz-Cf-Id': 'FL9AVy5pQXhPcmBzJTwa0bJ2cR9WHJtXaksWjbj-nlPlUpw-8jIKSg=='}"
22-06-2023_14:26:21:600057,13.224.98.228,44.07191276550293, , , ,video/mp4,34082855,keep-alive,"Thu, 22 Jun 2023 12:26:22 GMT","Wed, 07 Jun 2023 20:57:59 GMT","""a6cbf9a5290ee2e24448ebfe6be30375-2""", ,AES256, , , ,bytes,AmazonS3, , , , ,RefreshHit from cloudfront,1.1 4e0fd86f7afa735e772d6f7fe5e91f5a.cloudfront.net (CloudFront),ZRH50-C1,YmoUeLOEgRudLJTXGLJvZXFSYy8P_TP36NhBdz21bHTxNbyjv3YBzA==, ,http://dqyld80z0uwn9.cloudfront.net/myvideo.mp4,my content hosted on CloudFront,"{'Content-Type': 'video/mp4', 'Content-Length': '34082855', 'Connection': 'keep-alive', 'Last-Modified': 'Wed, 07 Jun 2023 20:57:59 GMT', 'x-amz-server-side-encryption': 'AES256', 'Accept-Ranges': 'bytes', 'Server': 'AmazonS3', 'Date': 'Thu, 22 Jun 2023 12:26:22 GMT', 'ETag': '""a6cbf9a5290ee2e24448ebfe6be30375-2""', 'Vary': 'Accept-Encoding', 'X-Cache': 'RefreshHit from cloudfront', 'Via': '1.1 4e0fd86f7afa735e772d6f7fe5e91f5a.cloudfront.net (CloudFront)', 'X-Amz-Cf-Pop': 'ZRH50-C1', 'X-Amz-Cf-Id': 'YmoUeLOEgRudLJTXGLJvZXFSYy8P_TP36NhBdz21bHTxNbyjv3YBzA=='}"
22-06-2023_14:26:31:660531,13.224.98.228,45.36604881286621, , , ,video/mp4,34082855,keep-alive,"Thu, 22 Jun 2023 12:26:32 GMT","Wed, 07 Jun 2023 20:57:59 GMT","""a6cbf9a5290ee2e24448ebfe6be30375-2""", ,AES256, , , ,bytes,AmazonS3, , , , ,RefreshHit from cloudfront,1.1 4ee178becf6bd81a5ce90c64ae0621b4.cloudfront.net (CloudFront),ZRH50-C1,Oo_6oKA0jUxfQDjOM4hj6ybsok3-eyN8owXTS9jIayB5xBrz9vmrsA==, ,http://dqyld80z0uwn9.cloudfront.net/myvideo.mp4,my content hosted on CloudFront,"{'Content-Type': 'video/mp4', 'Content-Length': '34082855', 'Connection': 'keep-alive', 'Last-Modified': 'Wed, 07 Jun 2023 20:57:59 GMT', 'x-amz-server-side-encryption': 'AES256', 'Accept-Ranges': 'bytes', 'Server': 'AmazonS3', 'Date': 'Thu, 22 Jun 2023 12:26:32 GMT', 'ETag': '""a6cbf9a5290ee2e24448ebfe6be30375-2""', 'Vary': 'Accept-Encoding', 'X-Cache': 'RefreshHit from cloudfront', 'Via': '1.1 4ee178becf6bd81a5ce90c64ae0621b4.cloudfront.net (CloudFront)', 'X-Amz-Cf-Pop': 'ZRH50-C1', 'X-Amz-Cf-Id': 'Oo_6oKA0jUxfQDjOM4hj6ybsok3-eyN8owXTS9jIayB5xBrz9vmrsA=='}"
22-06-2023_14:26:41:724618,13.224.98.228,48.158884048461914, , , ,video/mp4,34082855,keep-alive,"Thu, 22 Jun 2023 12:26:42 GMT","Wed, 07 Jun 2023 20:57:59 GMT","""a6cbf9a5290ee2e24448ebfe6be30375-2""", ,AES256, , , ,bytes,AmazonS3, , , , ,RefreshHit from cloudfront,1.1 b103085320b440f2b61bad94c412ff70.cloudfront.net (CloudFront),ZRH50-C1,vMmEZ4D-n7HCdgcccUWMljxt2Ih_ElTnQhK2CwpBCoCF9s5k1TtgKA==, ,http://dqyld80z0uwn9.cloudfront.net/myvideo.mp4,my content hosted on CloudFront,"{'Content-Type': 'video/mp4', 'Content-Length': '34082855', 'Connection': 'keep-alive', 'Last-Modified': 'Wed, 07 Jun 2023 20:57:59 GMT', 'x-amz-server-side-encryption': 'AES256', 'Accept-Ranges': 'bytes', 'Server': 'AmazonS3', 'Date': 'Thu, 22 Jun 2023 12:26:42 GMT', 'ETag': '""a6cbf9a5290ee2e24448ebfe6be30375-2""', 'Vary': 'Accept-Encoding', 'X-Cache': 'RefreshHit from cloudfront', 'Via': '1.1 b103085320b440f2b61bad94c412ff70.cloudfront.net (CloudFront)', 'X-Amz-Cf-Pop': 'ZRH50-C1', 'X-Amz-Cf-Id': 'vMmEZ4D-n7HCdgcccUWMljxt2Ih_ElTnQhK2CwpBCoCF9s5k1TtgKA=='}"
22-06-2023_14:26:51:781494,13.224.98.228,56.22506141662598, , , ,video/mp4,34082855,keep-alive,"Thu, 22 Jun 2023 12:26:52 GMT","Wed, 07 Jun 2023 20:57:59 GMT","""a6cbf9a5290ee2e24448ebfe6be30375-2""", ,AES256, , , ,bytes,AmazonS3, , , , ,RefreshHit from cloudfront,1.1 3a17ea4b3f6bdbc694c3ec0645d21b5e.cloudfront.net (CloudFront),ZRH50-C1,z6w6EH5IXmOsFTsfrr9fy35DsGR4FUl8DZebdX4ah_3VuQhWlSxI4A==, ,http://dqyld80z0uwn9.cloudfront.net/myvideo.mp4,my content hosted on CloudFront,"{'Content-Type': 'video/mp4', 'Content-Length': '34082855', 'Connection': 'keep-alive', 'Last-Modified': 'Wed, 07 Jun 2023 20:57:59 GMT', 'x-amz-server-side-encryption': 'AES256', 'Accept-Ranges': 'bytes', 'Server': 'AmazonS3', 'Date': 'Thu, 22 Jun 2023 12:26:52 GMT', 'ETag': '""a6cbf9a5290ee2e24448ebfe6be30375-2""', 'Vary': 'Accept-Encoding', 'X-Cache': 'RefreshHit from cloudfront', 'Via': '1.1 3a17ea4b3f6bdbc694c3ec0645d21b5e.cloudfront.net (CloudFront)', 'X-Amz-Cf-Pop': 'ZRH50-C1', 'X-Amz-Cf-Id': 'z6w6EH5IXmOsFTsfrr9fy35DsGR4FUl8DZebdX4ah_3VuQhWlSxI4A=='}"
22-06-2023_14:27:01:848024,13.224.98.228,46.93317413330078, , , ,video/mp4,34082855,keep-alive,"Thu, 22 Jun 2023 12:27:03 GMT","Wed, 07 Jun 2023 20:57:59 GMT","""a6cbf9a5290ee2e24448ebfe6be30375-2""", ,AES256, , , ,bytes,AmazonS3, , , , ,RefreshHit from cloudfront,1.1 4ee178becf6bd81a5ce90c64ae0621b4.cloudfront.net (CloudFront),ZRH50-C1,pYsApML0oY46pM6EYjKgup3mqa9eFe6Ulc9h5xz8c70ibV_y9y_GkQ==, ,http://dqyld80z0uwn9.cloudfront.net/myvideo.mp4,my content hosted on CloudFront,"{'Content-Type': 'video/mp4', 'Content-Length': '34082855', 'Connection': 'keep-alive', 'Last-Modified': 'Wed, 07 Jun 2023 20:57:59 GMT', 'x-amz-server-side-encryption': 'AES256', 'Accept-Ranges': 'bytes', 'Server': 'AmazonS3', 'Date': 'Thu, 22 Jun 2023 12:27:03 GMT', 'ETag': '""a6cbf9a5290ee2e24448ebfe6be30375-2""', 'Vary': 'Accept-Encoding', 'X-Cache': 'RefreshHit from cloudfront', 'Via': '1.1 4ee178becf6bd81a5ce90c64ae0621b4.cloudfront.net (CloudFront)', 'X-Amz-Cf-Pop': 'ZRH50-C1', 'X-Amz-Cf-Id': 'pYsApML0oY46pM6EYjKgup3mqa9eFe6Ulc9h5xz8c70ibV_y9y_GkQ=='}"
22-06-2023_14:27:11:905391,13.224.98.228,76.16209983825684, , , ,video/mp4,34082855,keep-alive,"Thu, 22 Jun 2023 12:27:13 GMT","Wed, 07 Jun 2023 20:57:59 GMT","""a6cbf9a5290ee2e24448ebfe6be30375-2""", ,AES256, , , ,bytes,AmazonS3, , , , ,RefreshHit from cloudfront,1.1 697e9166a29142e018dae0e083c25f18.cloudfront.net (CloudFront),ZRH50-C1,jwTSrQWadIE2p4_aDG6gDW4T28bDmAGOE39WQ9Vhbg1_WCiJ69qxTA==, ,http://dqyld80z0uwn9.cloudfront.net/myvideo.mp4,my content hosted on CloudFront,"{'Content-Type': 'video/mp4', 'Content-Length': '34082855', 'Connection': 'keep-alive', 'Last-Modified': 'Wed, 07 Jun 2023 20:57:59 GMT', 'x-amz-server-side-encryption': 'AES256', 'Accept-Ranges': 'bytes', 'Server': 'AmazonS3', 'Date': 'Thu, 22 Jun 2023 12:27:13 GMT', 'ETag': '""a6cbf9a5290ee2e24448ebfe6be30375-2""', 'Vary': 'Accept-Encoding', 'X-Cache': 'RefreshHit from cloudfront', 'Via': '1.1 697e9166a29142e018dae0e083c25f18.cloudfront.net (CloudFront)', 'X-Amz-Cf-Pop': 'ZRH50-C1', 'X-Amz-Cf-Id': 'jwTSrQWadIE2p4_aDG6gDW4T28bDmAGOE39WQ9Vhbg1_WCiJ69qxTA=='}"
22-06-2023_14:27:21:990550,13.224.98.228,61.27595901489258, , , ,video/mp4,34082855,keep-alive,"Thu, 22 Jun 2023 12:27:23 GMT","Wed, 07 Jun 2023 20:57:59 GMT","""a6cbf9a5290ee2e24448ebfe6be30375-2""", ,AES256, , , ,bytes,AmazonS3, , , , ,RefreshHit from cloudfront,1.1 e92dffa8673a73c15c61e7c3abefc47c.cloudfront.net (CloudFront),ZRH50-C1,pAPn41RBFT5Nest6zIuoXkYRKaK9V7VQrvGqv1JJuVKsYts7LLllhw==, ,http://dqyld80z0uwn9.cloudfront.net/myvideo.mp4,my content hosted on CloudFront,"{'Content-Type': 'video/mp4', 'Content-Length': '34082855', 'Connection': 'keep-alive', 'Last-Modified': 'Wed, 07 Jun 2023 20:57:59 GMT', 'x-amz-server-side-encryption': 'AES256', 'Accept-Ranges': 'bytes', 'Server': 'AmazonS3', 'Date': 'Thu, 22 Jun 2023 12:27:23 GMT', 'ETag': '""a6cbf9a5290ee2e24448ebfe6be30375-2""', 'Vary': 'Accept-Encoding', 'X-Cache': 'RefreshHit from cloudfront', 'Via': '1.1 e92dffa8673a73c15c61e7c3abefc47c.cloudfront.net (CloudFront)', 'X-Amz-Cf-Pop': 'ZRH50-C1', 'X-Amz-Cf-Id': 'pAPn41RBFT5Nest6zIuoXkYRKaK9V7VQrvGqv1JJuVKsYts7LLllhw=='}"
22-06-2023_14:27:32:059571,13.224.98.228,47.10793495178223, , , ,video/mp4,34082855,keep-alive,"Thu, 22 Jun 2023 12:27:33 GMT","Wed, 07 Jun 2023 20:57:59 GMT","""a6cbf9a5290ee2e24448ebfe6be30375-2""", ,AES256, , , ,bytes,AmazonS3, , , , ,RefreshHit from cloudfront,1.1 9349ae4f82564896b96f5303b030d188.cloudfront.net (CloudFront),ZRH50-C1,9yw0IeSxJEHiS9x7tDkfgrILTOFnOLr_aES5zE0d0wzTN0PjH8bWtg==, ,http://dqyld80z0uwn9.cloudfront.net/myvideo.mp4,my content hosted on CloudFront,"{'Content-Type': 'video/mp4', 'Content-Length': '34082855', 'Connection': 'keep-alive', 'Last-Modified': 'Wed, 07 Jun 2023 20:57:59 GMT', 'x-amz-server-side-encryption': 'AES256', 'Accept-Ranges': 'bytes', 'Server': 'AmazonS3', 'Date': 'Thu, 22 Jun 2023 12:27:33 GMT', 'ETag': '""a6cbf9a5290ee2e24448ebfe6be30375-2""', 'Vary': 'Accept-Encoding', 'X-Cache': 'RefreshHit from cloudfront', 'Via': '1.1 9349ae4f82564896b96f5303b030d188.cloudfront.net (CloudFront)', 'X-Amz-Cf-Pop': 'ZRH50-C1', 'X-Amz-Cf-Id': '9yw0IeSxJEHiS9x7tDkfgrILTOFnOLr_aES5zE0d0wzTN0PjH8bWtg=='}"
22-06-2023_14:27:42:112929,13.224.98.228,55.973052978515625, , , ,video/mp4,34082855,keep-alive,"Thu, 22 Jun 2023 12:27:43 GMT","Wed, 07 Jun 2023 20:57:59 GMT","""a6cbf9a5290ee2e24448ebfe6be30375-2""", ,AES256, , , ,bytes,AmazonS3, , , , ,RefreshHit from cloudfront,1.1 25d46f0dbca17b9a78cca036e17d8ad2.cloudfront.net (CloudFront),ZRH50-C1,icZ6IptkqYXNu-9q589zSPW5TMqcoRt5hisSZQVf1kJCBHWhOgiSZg==, ,http://dqyld80z0uwn9.cloudfront.net/myvideo.mp4,my content hosted on CloudFront,"{'Content-Type': 'video/mp4', 'Content-Length': '34082855', 'Connection': 'keep-alive', 'Last-Modified': 'Wed, 07 Jun 2023 20:57:59 GMT', 'x-amz-server-side-encryption': 'AES256', 'Accept-Ranges': 'bytes', 'Server': 'AmazonS3', 'Date': 'Thu, 22 Jun 2023 12:27:43 GMT', 'ETag': '""a6cbf9a5290ee2e24448ebfe6be30375-2""', 'Vary': 'Accept-Encoding', 'X-Cache': 'RefreshHit from cloudfront', 'Via': '1.1 25d46f0dbca17b9a78cca036e17d8ad2.cloudfront.net (CloudFront)', 'X-Amz-Cf-Pop': 'ZRH50-C1', 'X-Amz-Cf-Id': 'icZ6IptkqYXNu-9q589zSPW5TMqcoRt5hisSZQVf1kJCBHWhOgiSZg=='}"
22-06-2023_14:27:52:174675,13.224.98.228,53.15685272216797, , , ,video/mp4,34082855,keep-alive,"Thu, 22 Jun 2023 12:27:53 GMT","Wed, 07 Jun 2023 20:57:59 GMT","""a6cbf9a5290ee2e24448ebfe6be30375-2""", ,AES256, , , ,bytes,AmazonS3, , , , ,RefreshHit from cloudfront,1.1 4ee178becf6bd81a5ce90c64ae0621b4.cloudfront.net (CloudFront),ZRH50-C1,np_LUhWMqf0tFdHXboAYz_TteucAzh47np-QpJLwbf5ZYE1T-EHecw==, ,http://dqyld80z0uwn9.cloudfront.net/myvideo.mp4,my content hosted on CloudFront,"{'Content-Type': 'video/mp4', 'Content-Length': '34082855', 'Connection': 'keep-alive', 'Last-Modified': 'Wed, 07 Jun 2023 20:57:59 GMT', 'x-amz-server-side-encryption': 'AES256', 'Accept-Ranges': 'bytes', 'Server': 'AmazonS3', 'Date': 'Thu, 22 Jun 2023 12:27:53 GMT', 'ETag': '""a6cbf9a5290ee2e24448ebfe6be30375-2""', 'Vary': 'Accept-Encoding', 'X-Cache': 'RefreshHit from cloudfront', 'Via': '1.1 4ee178becf6bd81a5ce90c64ae0621b4.cloudfront.net (CloudFront)', 'X-Amz-Cf-Pop': 'ZRH50-C1', 'X-Amz-Cf-Id': 'np_LUhWMqf0tFdHXboAYz_TteucAzh47np-QpJLwbf5ZYE1T-EHecw=='}"
22-06-2023_14:28:02:236755,13.224.98.228,54.16512489318848, , , ,video/mp4,34082855,keep-alive,"Thu, 22 Jun 2023 12:28:03 GMT","Wed, 07 Jun 2023 20:57:59 GMT","""a6cbf9a5290ee2e24448ebfe6be30375-2""", ,AES256, , , ,bytes,AmazonS3, , , , ,RefreshHit from cloudfront,1.1 8455bcb2c0203b0c4ee93b610d75e69a.cloudfront.net (CloudFront),ZRH50-C1,MGA3ceSl59lDumqP7zdm0T8Fb43mza2NxjehU0HG1hxpjm0gAFBRyg==, ,http://dqyld80z0uwn9.cloudfront.net/myvideo.mp4,my content hosted on CloudFront,"{'Content-Type': 'video/mp4', 'Content-Length': '34082855', 'Connection': 'keep-alive', 'Last-Modified': 'Wed, 07 Jun 2023 20:57:59 GMT', 'x-amz-server-side-encryption': 'AES256', 'Accept-Ranges': 'bytes', 'Server': 'AmazonS3', 'Date': 'Thu, 22 Jun 2023 12:28:03 GMT', 'ETag': '""a6cbf9a5290ee2e24448ebfe6be30375-2""', 'Vary': 'Accept-Encoding', 'X-Cache': 'RefreshHit from cloudfront', 'Via': '1.1 8455bcb2c0203b0c4ee93b610d75e69a.cloudfront.net (CloudFront)', 'X-Amz-Cf-Pop': 'ZRH50-C1', 'X-Amz-Cf-Id': 'MGA3ceSl59lDumqP7zdm0T8Fb43mza2NxjehU0HG1hxpjm0gAFBRyg=='}"
22-06-2023_14:28:12:300454,13.224.98.228,81.83097839355469, , , ,video/mp4,34082855,keep-alive,"Thu, 22 Jun 2023 12:28:13 GMT","Wed, 07 Jun 2023 20:57:59 GMT","""a6cbf9a5290ee2e24448ebfe6be30375-2""", ,AES256, , , ,bytes,AmazonS3, , , , ,RefreshHit from cloudfront,1.1 5e318b3ea3fa81a8c20898c2f8c40e7c.cloudfront.net (CloudFront),ZRH50-C1,fIIp9SkOR-8amivBOBZ0eRY4523jeMALEbqPi_eAcJiWUIJAfe3AYw==, ,http://dqyld80z0uwn9.cloudfront.net/myvideo.mp4,my content hosted on CloudFront,"{'Content-Type': 'video/mp4', 'Content-Length': '34082855', 'Connection': 'keep-alive', 'Last-Modified': 'Wed, 07 Jun 2023 20:57:59 GMT', 'x-amz-server-side-encryption': 'AES256', 'Accept-Ranges': 'bytes', 'Server': 'AmazonS3', 'Date': 'Thu, 22 Jun 2023 12:28:13 GMT', 'ETag': '""a6cbf9a5290ee2e24448ebfe6be30375-2""', 'Vary': 'Accept-Encoding', 'X-Cache': 'RefreshHit from cloudfront', 'Via': '1.1 5e318b3ea3fa81a8c20898c2f8c40e7c.cloudfront.net (CloudFront)', 'X-Amz-Cf-Pop': 'ZRH50-C1', 'X-Amz-Cf-Id': 'fIIp9SkOR-8amivBOBZ0eRY4523jeMALEbqPi_eAcJiWUIJAfe3AYw=='}"
22-06-2023_14:28:22:388926,13.224.98.228,55.06086349487305, , , ,video/mp4,34082855,keep-alive,"Thu, 22 Jun 2023 12:28:23 GMT","Wed, 07 Jun 2023 20:57:59 GMT","""a6cbf9a5290ee2e24448ebfe6be30375-2""", ,AES256, , , ,bytes,AmazonS3, , , , ,RefreshHit from cloudfront,1.1 697e9166a29142e018dae0e083c25f18.cloudfront.net (CloudFront),ZRH50-C1,Gas2PEazqIZsbQOYtNancGDXfcTpUYaOsS2SfuLBPfWiWuaB8hrJOA==, ,http://dqyld80z0uwn9.cloudfront.net/myvideo.mp4,my content hosted on CloudFront,"{'Content-Type': 'video/mp4', 'Content-Length': '34082855', 'Connection': 'keep-alive', 'Last-Modified': 'Wed, 07 Jun 2023 20:57:59 GMT', 'x-amz-server-side-encryption': 'AES256', 'Accept-Ranges': 'bytes', 'Server': 'AmazonS3', 'Date': 'Thu, 22 Jun 2023 12:28:23 GMT', 'ETag': '""a6cbf9a5290ee2e24448ebfe6be30375-2""', 'Vary': 'Accept-Encoding', 'X-Cache': 'RefreshHit from cloudfront', 'Via': '1.1 697e9166a29142e018dae0e083c25f18.cloudfront.net (CloudFront)', 'X-Amz-Cf-Pop': 'ZRH50-C1', 'X-Amz-Cf-Id': 'Gas2PEazqIZsbQOYtNancGDXfcTpUYaOsS2SfuLBPfWiWuaB8hrJOA=='}"
22-06-2023_14:28:32:457440,13.224.98.25,73.05002212524414, , , ,video/mp4,34082855,keep-alive,"Thu, 22 Jun 2023 12:28:33 GMT","Wed, 07 Jun 2023 20:57:59 GMT","""a6cbf9a5290ee2e24448ebfe6be30375-2""", ,AES256, , , ,bytes,AmazonS3, , , , ,RefreshHit from cloudfront,1.1 4e0fd86f7afa735e772d6f7fe5e91f5a.cloudfront.net (CloudFront),ZRH50-C1,5ClFATE6TagiXTYjAgxYOspE19d5DOIl5bqDdDpNfn-uUBWw7ptxlg==, ,http://dqyld80z0uwn9.cloudfront.net/myvideo.mp4,my content hosted on CloudFront,"{'Content-Type': 'video/mp4', 'Content-Length': '34082855', 'Connection': 'keep-alive', 'Last-Modified': 'Wed, 07 Jun 2023 20:57:59 GMT', 'x-amz-server-side-encryption': 'AES256', 'Accept-Ranges': 'bytes', 'Server': 'AmazonS3', 'Date': 'Thu, 22 Jun 2023 12:28:33 GMT', 'ETag': '""a6cbf9a5290ee2e24448ebfe6be30375-2""', 'Vary': 'Accept-Encoding', 'X-Cache': 'RefreshHit from cloudfront', 'Via': '1.1 4e0fd86f7afa735e772d6f7fe5e91f5a.cloudfront.net (CloudFront)', 'X-Amz-Cf-Pop': 'ZRH50-C1', 'X-Amz-Cf-Id': '5ClFATE6TagiXTYjAgxYOspE19d5DOIl5bqDdDpNfn-uUBWw7ptxlg=='}"
22-06-2023_14:28:42:536220,13.224.98.25,49.64590072631836, , , ,video/mp4,34082855,keep-alive,"Thu, 22 Jun 2023 12:28:43 GMT","Wed, 07 Jun 2023 20:57:59 GMT","""a6cbf9a5290ee2e24448ebfe6be30375-2""", ,AES256, , , ,bytes,AmazonS3, , , , ,RefreshHit from cloudfront,1.1 cd66c5a89ae3376f15c155e3b52a758c.cloudfront.net (CloudFront),ZRH50-C1,1q76XvToFqTu-Nd0Mtl0wRnaLbnMsL58OvFu-zmwJVlcB6FiPgmIRw==, ,http://dqyld80z0uwn9.cloudfront.net/myvideo.mp4,my content hosted on CloudFront,"{'Content-Type': 'video/mp4', 'Content-Length': '34082855', 'Connection': 'keep-alive', 'Last-Modified': 'Wed, 07 Jun 2023 20:57:59 GMT', 'x-amz-server-side-encryption': 'AES256', 'Accept-Ranges': 'bytes', 'Server': 'AmazonS3', 'Date': 'Thu, 22 Jun 2023 12:28:43 GMT', 'ETag': '""a6cbf9a5290ee2e24448ebfe6be30375-2""', 'Vary': 'Accept-Encoding', 'X-Cache': 'RefreshHit from cloudfront', 'Via': '1.1 cd66c5a89ae3376f15c155e3b52a758c.cloudfront.net (CloudFront)', 'X-Amz-Cf-Pop': 'ZRH50-C1', 'X-Amz-Cf-Id': '1q76XvToFqTu-Nd0Mtl0wRnaLbnMsL58OvFu-zmwJVlcB6FiPgmIRw=='}"
