timestamp(dd-mm-yyyy hh:mm:ss:ms),responseIP,latency(ms),traceroute_ips,traceroute_hnames,hop count,Content-Type,Content-Length,Connection,Date,Last-Modified,ETag,x-amz-storage-class,x-amz-server-side-encryption,x-amz-meta-dv-checksum-sha-1,x-amz-meta-dv-checksum-md5,x-amz-meta-dv-checksum-sha-256,Accept-Ranges,Server,X-Server-IP,X-Server-IP_hops,X-Server-IP_hnames,X-Server-IP_hopcount,X-Cache,Via,X-Amz-Cf-Pop,X-Amz-Cf-Id,Age,url,info,reasponseHeaders
22-06-2023_15:33:34:991496,18.165.185.163,30.720000000000002, , , ,video/mp4,34082855,keep-alive,"Thu, 22 Jun 2023 13:33:29 GMT","Thu, 22 Jun 2023 10:01:02 GMT","""8ac8aa3c5414053de61f649fe776b0db-3""", ,AES256, , , ,bytes,AmazonS3, , , , ,Hit from cloudfront,1.1 df9ce120cad525bdb160f75cd7b807c2.cloudfront.net (CloudFront),ZRH55-P1,-KipUAseKzCBJXEznBrERD7pRPreS4aiIodXD3D4FK4m_dEW6i398A==,7,https://d2ujgmo1oihwsm.cloudfront.net/myvideo-california.mp4,my content hosted on CloudFront,"{'Content-Type': 'video/mp4', 'Content-Length': '34082855', 'Connection': 'keep-alive', 'Last-Modified': 'Thu, 22 Jun 2023 10:01:02 GMT', 'x-amz-server-side-encryption': 'AES256', 'Accept-Ranges': 'bytes', 'Server': 'AmazonS3', 'Date': 'Thu, 22 Jun 2023 13:33:29 GMT', 'ETag': '""8ac8aa3c5414053de61f649fe776b0db-3""', 'Vary': 'Accept-Encoding', 'X-Cache': 'Hit from cloudfront', 'Via': '1.1 df9ce120cad525bdb160f75cd7b807c2.cloudfront.net (CloudFront)', 'X-Amz-Cf-Pop': 'ZRH55-P1', 'X-Amz-Cf-Id': '-KipUAseKzCBJXEznBrERD7pRPreS4aiIodXD3D4FK4m_dEW6i398A==', 'Age': '7'}"
22-06-2023_15:33:47:036786,18.165.185.163,714.112, , , ,video/mp4,34082855,keep-alive,"Thu, 22 Jun 2023 13:33:48 GMT","Thu, 22 Jun 2023 10:01:02 GMT","""8ac8aa3c5414053de61f649fe776b0db-3""", ,AES256, , , ,bytes,AmazonS3, , , , ,RefreshHit from cloudfront,1.1 9defe0d67603d45217a1199d0f877384.cloudfront.net (CloudFront),ZRH55-P1,c36lX2gUBk_ppgRH1dL9H7E8zgVswYiDZ3brZTFkLDgzAyjWU19__Q==, ,https://d2ujgmo1oihwsm.cloudfront.net/myvideo-california.mp4,my content hosted on CloudFront,"{'Content-Type': 'video/mp4', 'Content-Length': '34082855', 'Connection': 'keep-alive', 'Last-Modified': 'Thu, 22 Jun 2023 10:01:02 GMT', 'x-amz-server-side-encryption': 'AES256', 'Accept-Ranges': 'bytes', 'Server': 'AmazonS3', 'Date': 'Thu, 22 Jun 2023 13:33:48 GMT', 'ETag': '""8ac8aa3c5414053de61f649fe776b0db-3""', 'Vary': 'Accept-Encoding', 'X-Cache': 'RefreshHit from cloudfront', 'Via': '1.1 9defe0d67603d45217a1199d0f877384.cloudfront.net (CloudFront)', 'X-Amz-Cf-Pop': 'ZRH55-P1', 'X-Amz-Cf-Id': 'c36lX2gUBk_ppgRH1dL9H7E8zgVswYiDZ3brZTFkLDgzAyjWU19__Q=='}"
22-06-2023_15:33:59:760688,18.165.185.163,713.975, , , ,video/mp4,34082855,keep-alive,"Thu, 22 Jun 2023 13:34:01 GMT","Thu, 22 Jun 2023 10:01:02 GMT","""8ac8aa3c5414053de61f649fe776b0db-3""", ,AES256, , , ,bytes,AmazonS3, , , , ,RefreshHit from cloudfront,1.1 fa2f998214db1c6c6bdb96ceff3ce5d8.cloudfront.net (CloudFront),ZRH55-P1,Xr47v4_R6GYwnuPQUCVXwE8ytX7Vm83GulOs1wFVo1Gq49Qq7-VDvw==, ,https://d2ujgmo1oihwsm.cloudfront.net/myvideo-california.mp4,my content hosted on CloudFront,"{'Content-Type': 'video/mp4', 'Content-Length': '34082855', 'Connection': 'keep-alive', 'Last-Modified': 'Thu, 22 Jun 2023 10:01:02 GMT', 'x-amz-server-side-encryption': 'AES256', 'Accept-Ranges': 'bytes', 'Server': 'AmazonS3', 'Date': 'Thu, 22 Jun 2023 13:34:01 GMT', 'ETag': '""8ac8aa3c5414053de61f649fe776b0db-3""', 'Vary': 'Accept-Encoding', 'X-Cache': 'RefreshHit from cloudfront', 'Via': '1.1 fa2f998214db1c6c6bdb96ceff3ce5d8.cloudfront.net (CloudFront)', 'X-Amz-Cf-Pop': 'ZRH55-P1', 'X-Amz-Cf-Id': 'Xr47v4_R6GYwnuPQUCVXwE8ytX7Vm83GulOs1wFVo1Gq49Qq7-VDvw=='}"
22-06-2023_15:34:12:485405,18.165.185.163,703.2239999999999, , , ,video/mp4,34082855,keep-alive,"Thu, 22 Jun 2023 13:34:14 GMT","Thu, 22 Jun 2023 10:01:02 GMT","""8ac8aa3c5414053de61f649fe776b0db-3""", ,AES256, , , ,bytes,AmazonS3, , , , ,RefreshHit from cloudfront,1.1 df9ce120cad525bdb160f75cd7b807c2.cloudfront.net (CloudFront),ZRH55-P1,rCMWdwoy2RvQMz2zWhX-jbYRzrWwJAVfxyyqjucfZ06VTAUaUBpS_g==, ,https://d2ujgmo1oihwsm.cloudfront.net/myvideo-california.mp4,my content hosted on CloudFront,"{'Content-Type': 'video/mp4', 'Content-Length': '34082855', 'Connection': 'keep-alive', 'Last-Modified': 'Thu, 22 Jun 2023 10:01:02 GMT', 'x-amz-server-side-encryption': 'AES256', 'Accept-Ranges': 'bytes', 'Server': 'AmazonS3', 'Date': 'Thu, 22 Jun 2023 13:34:14 GMT', 'ETag': '""8ac8aa3c5414053de61f649fe776b0db-3""', 'Vary': 'Accept-Encoding', 'X-Cache': 'RefreshHit from cloudfront', 'Via': '1.1 df9ce120cad525bdb160f75cd7b807c2.cloudfront.net (CloudFront)', 'X-Amz-Cf-Pop': 'ZRH55-P1', 'X-Amz-Cf-Id': 'rCMWdwoy2RvQMz2zWhX-jbYRzrWwJAVfxyyqjucfZ06VTAUaUBpS_g=='}"
22-06-2023_15:34:25:197964,18.165.185.93,710.901, , , ,video/mp4,34082855,keep-alive,"Thu, 22 Jun 2023 13:34:26 GMT","Thu, 22 Jun 2023 10:01:02 GMT","""8ac8aa3c5414053de61f649fe776b0db-3""", ,AES256, , , ,bytes,AmazonS3, , , , ,RefreshHit from cloudfront,1.1 49039a44484a184312d8f608c205b640.cloudfront.net (CloudFront),ZRH55-P1,ycP_KvySrbg8jAJqRQgKTyf_LOgV7vW_LK-FqR0en7VvITbDCJSWJw==, ,https://d2ujgmo1oihwsm.cloudfront.net/myvideo-california.mp4,my content hosted on CloudFront,"{'Content-Type': 'video/mp4', 'Content-Length': '34082855', 'Connection': 'keep-alive', 'Last-Modified': 'Thu, 22 Jun 2023 10:01:02 GMT', 'x-amz-server-side-encryption': 'AES256', 'Accept-Ranges': 'bytes', 'Server': 'AmazonS3', 'Date': 'Thu, 22 Jun 2023 13:34:26 GMT', 'ETag': '""8ac8aa3c5414053de61f649fe776b0db-3""', 'Vary': 'Accept-Encoding', 'X-Cache': 'RefreshHit from cloudfront', 'Via': '1.1 49039a44484a184312d8f608c205b640.cloudfront.net (CloudFront)', 'X-Amz-Cf-Pop': 'ZRH55-P1', 'X-Amz-Cf-Id': 'ycP_KvySrbg8jAJqRQgKTyf_LOgV7vW_LK-FqR0en7VvITbDCJSWJw=='}"
22-06-2023_15:34:37:925476,18.165.185.93,696.639, , , ,video/mp4,34082855,keep-alive,"Thu, 22 Jun 2023 13:34:39 GMT","Thu, 22 Jun 2023 10:01:02 GMT","""8ac8aa3c5414053de61f649fe776b0db-3""", ,AES256, , , ,bytes,AmazonS3, , , , ,RefreshHit from cloudfront,1.1 841da31399fe7f7e7065c840a22fae0a.cloudfront.net (CloudFront),ZRH55-P1,TlPcECH8z4NT-haW85g_WLTLzCfD_KeMgjAtBHwnxmvnoHo0E8ybzQ==, ,https://d2ujgmo1oihwsm.cloudfront.net/myvideo-california.mp4,my content hosted on CloudFront,"{'Content-Type': 'video/mp4', 'Content-Length': '34082855', 'Connection': 'keep-alive', 'Last-Modified': 'Thu, 22 Jun 2023 10:01:02 GMT', 'x-amz-server-side-encryption': 'AES256', 'Accept-Ranges': 'bytes', 'Server': 'AmazonS3', 'Date': 'Thu, 22 Jun 2023 13:34:39 GMT', 'ETag': '""8ac8aa3c5414053de61f649fe776b0db-3""', 'Vary': 'Accept-Encoding', 'X-Cache': 'RefreshHit from cloudfront', 'Via': '1.1 841da31399fe7f7e7065c840a22fae0a.cloudfront.net (CloudFront)', 'X-Amz-Cf-Pop': 'ZRH55-P1', 'X-Amz-Cf-Id': 'TlPcECH8z4NT-haW85g_WLTLzCfD_KeMgjAtBHwnxmvnoHo0E8ybzQ=='}"
22-06-2023_15:34:50:655038,18.165.185.93,711.1110000000001, , , ,video/mp4,34082855,keep-alive,"Thu, 22 Jun 2023 13:34:52 GMT","Thu, 22 Jun 2023 10:01:02 GMT","""8ac8aa3c5414053de61f649fe776b0db-3""", ,AES256, , , ,bytes,AmazonS3, , , , ,RefreshHit from cloudfront,1.1 9defe0d67603d45217a1199d0f877384.cloudfront.net (CloudFront),ZRH55-P1,bIO5fCKNkyJJ8gjhV00H7MZrII7ibMtWF9gF4gRSMfglGAvWq7-XJg==, ,https://d2ujgmo1oihwsm.cloudfront.net/myvideo-california.mp4,my content hosted on CloudFront,"{'Content-Type': 'video/mp4', 'Content-Length': '34082855', 'Connection': 'keep-alive', 'Last-Modified': 'Thu, 22 Jun 2023 10:01:02 GMT', 'x-amz-server-side-encryption': 'AES256', 'Accept-Ranges': 'bytes', 'Server': 'AmazonS3', 'Date': 'Thu, 22 Jun 2023 13:34:52 GMT', 'ETag': '""8ac8aa3c5414053de61f649fe776b0db-3""', 'Vary': 'Accept-Encoding', 'X-Cache': 'RefreshHit from cloudfront', 'Via': '1.1 9defe0d67603d45217a1199d0f877384.cloudfront.net (CloudFront)', 'X-Amz-Cf-Pop': 'ZRH55-P1', 'X-Amz-Cf-Id': 'bIO5fCKNkyJJ8gjhV00H7MZrII7ibMtWF9gF4gRSMfglGAvWq7-XJg=='}"
22-06-2023_15:35:03:359431,18.165.185.93,696.075, , , ,video/mp4,34082855,keep-alive,"Thu, 22 Jun 2023 13:35:04 GMT","Thu, 22 Jun 2023 10:01:02 GMT","""8ac8aa3c5414053de61f649fe776b0db-3""", ,AES256, , , ,bytes,AmazonS3, , , , ,RefreshHit from cloudfront,1.1 b03c46754456cd1729ff37c2faafd4ec.cloudfront.net (CloudFront),ZRH55-P1,AGxL8qyL5TtM1zE0FxgEPpqeuACYw0a9O1AYpS_x_27P_iSZeP1QVA==, ,https://d2ujgmo1oihwsm.cloudfront.net/myvideo-california.mp4,my content hosted on CloudFront,"{'Content-Type': 'video/mp4', 'Content-Length': '34082855', 'Connection': 'keep-alive', 'Last-Modified': 'Thu, 22 Jun 2023 10:01:02 GMT', 'x-amz-server-side-encryption': 'AES256', 'Accept-Ranges': 'bytes', 'Server': 'AmazonS3', 'Date': 'Thu, 22 Jun 2023 13:35:04 GMT', 'ETag': '""8ac8aa3c5414053de61f649fe776b0db-3""', 'Vary': 'Accept-Encoding', 'X-Cache': 'RefreshHit from cloudfront', 'Via': '1.1 b03c46754456cd1729ff37c2faafd4ec.cloudfront.net (CloudFront)', 'X-Amz-Cf-Pop': 'ZRH55-P1', 'X-Amz-Cf-Id': 'AGxL8qyL5TtM1zE0FxgEPpqeuACYw0a9O1AYpS_x_27P_iSZeP1QVA=='}"
22-06-2023_15:35:16:077474,18.165.185.93,712.776, , , ,video/mp4,34082855,keep-alive,"Thu, 22 Jun 2023 13:35:17 GMT","Thu, 22 Jun 2023 10:01:02 GMT","""8ac8aa3c5414053de61f649fe776b0db-3""", ,AES256, , , ,bytes,AmazonS3, , , , ,RefreshHit from cloudfront,1.1 633b37c269943f0b3472e0abe1a07b2c.cloudfront.net (CloudFront),ZRH55-P1,PgYZbuBqvcYSerg1Is2TACxhPRsUHN8s64a1ZqQd88H78DDTFLMgUw==, ,https://d2ujgmo1oihwsm.cloudfront.net/myvideo-california.mp4,my content hosted on CloudFront,"{'Content-Type': 'video/mp4', 'Content-Length': '34082855', 'Connection': 'keep-alive', 'Last-Modified': 'Thu, 22 Jun 2023 10:01:02 GMT', 'x-amz-server-side-encryption': 'AES256', 'Accept-Ranges': 'bytes', 'Server': 'AmazonS3', 'Date': 'Thu, 22 Jun 2023 13:35:17 GMT', 'ETag': '""8ac8aa3c5414053de61f649fe776b0db-3""', 'Vary': 'Accept-Encoding', 'X-Cache': 'RefreshHit from cloudfront', 'Via': '1.1 633b37c269943f0b3472e0abe1a07b2c.cloudfront.net (CloudFront)', 'X-Amz-Cf-Pop': 'ZRH55-P1', 'X-Amz-Cf-Id': 'PgYZbuBqvcYSerg1Is2TACxhPRsUHN8s64a1ZqQd88H78DDTFLMgUw=='}"
22-06-2023_15:35:28:810156,18.165.185.93,950.923, , , ,video/mp4,34082855,keep-alive,"Thu, 22 Jun 2023 13:35:30 GMT","Thu, 22 Jun 2023 10:01:02 GMT","""8ac8aa3c5414053de61f649fe776b0db-3""", ,AES256, , , ,bytes,AmazonS3, , , , ,RefreshHit from cloudfront,1.1 6ea1443d3dc39c2be7c23883fb0bd3e0.cloudfront.net (CloudFront),ZRH55-P1,fKLllcM1w3zNrOWajBQktzVPHJQQixjOGCbBJWWoHaZKAtYzwFGjYA==, ,https://d2ujgmo1oihwsm.cloudfront.net/myvideo-california.mp4,my content hosted on CloudFront,"{'Content-Type': 'video/mp4', 'Content-Length': '34082855', 'Connection': 'keep-alive', 'Last-Modified': 'Thu, 22 Jun 2023 10:01:02 GMT', 'x-amz-server-side-encryption': 'AES256', 'Accept-Ranges': 'bytes', 'Server': 'AmazonS3', 'Date': 'Thu, 22 Jun 2023 13:35:30 GMT', 'ETag': '""8ac8aa3c5414053de61f649fe776b0db-3""', 'Vary': 'Accept-Encoding', 'X-Cache': 'RefreshHit from cloudfront', 'Via': '1.1 6ea1443d3dc39c2be7c23883fb0bd3e0.cloudfront.net (CloudFront)', 'X-Amz-Cf-Pop': 'ZRH55-P1', 'X-Amz-Cf-Id': 'fKLllcM1w3zNrOWajBQktzVPHJQQixjOGCbBJWWoHaZKAtYzwFGjYA=='}"
22-06-2023_15:35:41:505476,18.165.185.93,685.8689999999999, , , ,video/mp4,34082855,keep-alive,"Thu, 22 Jun 2023 13:35:43 GMT","Thu, 22 Jun 2023 10:01:02 GMT","""8ac8aa3c5414053de61f649fe776b0db-3""", ,AES256, , , ,bytes,AmazonS3, , , , ,RefreshHit from cloudfront,1.1 fec5e83bcae9ab1295b776b3f64183d0.cloudfront.net (CloudFront),ZRH55-P1,vQSxXReXrbciPIQO9ujSC2mOrWyR3Eg2SM4brp03_0Ci1yU1pXjqxA==, ,https://d2ujgmo1oihwsm.cloudfront.net/myvideo-california.mp4,my content hosted on CloudFront,"{'Content-Type': 'video/mp4', 'Content-Length': '34082855', 'Connection': 'keep-alive', 'Last-Modified': 'Thu, 22 Jun 2023 10:01:02 GMT', 'x-amz-server-side-encryption': 'AES256', 'Accept-Ranges': 'bytes', 'Server': 'AmazonS3', 'Date': 'Thu, 22 Jun 2023 13:35:43 GMT', 'ETag': '""8ac8aa3c5414053de61f649fe776b0db-3""', 'Vary': 'Accept-Encoding', 'X-Cache': 'RefreshHit from cloudfront', 'Via': '1.1 fec5e83bcae9ab1295b776b3f64183d0.cloudfront.net (CloudFront)', 'X-Amz-Cf-Pop': 'ZRH55-P1', 'X-Amz-Cf-Id': 'vQSxXReXrbciPIQO9ujSC2mOrWyR3Eg2SM4brp03_0Ci1yU1pXjqxA=='}"
22-06-2023_15:35:54:221433,18.165.185.183,668.5600000000001, , , ,video/mp4,34082855,keep-alive,"Thu, 22 Jun 2023 13:35:55 GMT","Thu, 22 Jun 2023 10:01:02 GMT","""8ac8aa3c5414053de61f649fe776b0db-3""", ,AES256, , , ,bytes,AmazonS3, , , , ,RefreshHit from cloudfront,1.1 4aab94d467900146bd910265f6087b8e.cloudfront.net (CloudFront),ZRH55-P1,_7lkS7HMNmWfEZRjr1b1iid1FgVe7bQwloJCXLzqkW-i5ip74bUs-Q==, ,https://d2ujgmo1oihwsm.cloudfront.net/myvideo-california.mp4,my content hosted on CloudFront,"{'Content-Type': 'video/mp4', 'Content-Length': '34082855', 'Connection': 'keep-alive', 'Last-Modified': 'Thu, 22 Jun 2023 10:01:02 GMT', 'x-amz-server-side-encryption': 'AES256', 'Accept-Ranges': 'bytes', 'Server': 'AmazonS3', 'Date': 'Thu, 22 Jun 2023 13:35:55 GMT', 'ETag': '""8ac8aa3c5414053de61f649fe776b0db-3""', 'Vary': 'Accept-Encoding', 'X-Cache': 'RefreshHit from cloudfront', 'Via': '1.1 4aab94d467900146bd910265f6087b8e.cloudfront.net (CloudFront)', 'X-Amz-Cf-Pop': 'ZRH55-P1', 'X-Amz-Cf-Id': '_7lkS7HMNmWfEZRjr1b1iid1FgVe7bQwloJCXLzqkW-i5ip74bUs-Q=='}"
22-06-2023_15:36:06:902928,18.165.185.183,706.735, , , ,video/mp4,34082855,keep-alive,"Thu, 22 Jun 2023 13:36:08 GMT","Thu, 22 Jun 2023 10:01:02 GMT","""8ac8aa3c5414053de61f649fe776b0db-3""", ,AES256, , , ,bytes,AmazonS3, , , , ,RefreshHit from cloudfront,1.1 d75d7156b5e1833582c3070298720664.cloudfront.net (CloudFront),ZRH55-P1,Ps9jIS0VMOJ7oP88aow1HtIJY5w5wQVCwIPEuQ_e5um4Nq8Qr0ySDQ==, ,https://d2ujgmo1oihwsm.cloudfront.net/myvideo-california.mp4,my content hosted on CloudFront,"{'Content-Type': 'video/mp4', 'Content-Length': '34082855', 'Connection': 'keep-alive', 'Last-Modified': 'Thu, 22 Jun 2023 10:01:02 GMT', 'x-amz-server-side-encryption': 'AES256', 'Accept-Ranges': 'bytes', 'Server': 'AmazonS3', 'Date': 'Thu, 22 Jun 2023 13:36:08 GMT', 'ETag': '""8ac8aa3c5414053de61f649fe776b0db-3""', 'Vary': 'Accept-Encoding', 'X-Cache': 'RefreshHit from cloudfront', 'Via': '1.1 d75d7156b5e1833582c3070298720664.cloudfront.net (CloudFront)', 'X-Amz-Cf-Pop': 'ZRH55-P1', 'X-Amz-Cf-Id': 'Ps9jIS0VMOJ7oP88aow1HtIJY5w5wQVCwIPEuQ_e5um4Nq8Qr0ySDQ=='}"
22-06-2023_15:36:19:626581,18.165.185.183,671.6750000000001, , , ,video/mp4,34082855,keep-alive,"Thu, 22 Jun 2023 13:36:21 GMT","Thu, 22 Jun 2023 10:01:02 GMT","""8ac8aa3c5414053de61f649fe776b0db-3""", ,AES256, , , ,bytes,AmazonS3, , , , ,RefreshHit from cloudfront,1.1 2bb98457c96f801517f8d0d98344cd3c.cloudfront.net (CloudFront),ZRH55-P1,yYFWCqr6twVMxKvrMQd_HedoWi5cyeystNT0YkD53FIFgiuNwYH0aQ==, ,https://d2ujgmo1oihwsm.cloudfront.net/myvideo-california.mp4,my content hosted on CloudFront,"{'Content-Type': 'video/mp4', 'Content-Length': '34082855', 'Connection': 'keep-alive', 'Last-Modified': 'Thu, 22 Jun 2023 10:01:02 GMT', 'x-amz-server-side-encryption': 'AES256', 'Accept-Ranges': 'bytes', 'Server': 'AmazonS3', 'Date': 'Thu, 22 Jun 2023 13:36:21 GMT', 'ETag': '""8ac8aa3c5414053de61f649fe776b0db-3""', 'Vary': 'Accept-Encoding', 'X-Cache': 'RefreshHit from cloudfront', 'Via': '1.1 2bb98457c96f801517f8d0d98344cd3c.cloudfront.net (CloudFront)', 'X-Amz-Cf-Pop': 'ZRH55-P1', 'X-Amz-Cf-Id': 'yYFWCqr6twVMxKvrMQd_HedoWi5cyeystNT0YkD53FIFgiuNwYH0aQ=='}"
22-06-2023_15:36:32:327453,18.165.185.183,667.8770000000001, , , ,video/mp4,34082855,keep-alive,"Thu, 22 Jun 2023 13:36:33 GMT","Thu, 22 Jun 2023 10:01:02 GMT","""8ac8aa3c5414053de61f649fe776b0db-3""", ,AES256, , , ,bytes,AmazonS3, , , , ,RefreshHit from cloudfront,1.1 aca4cfc16ad0f84e78738cc400bfb7f4.cloudfront.net (CloudFront),ZRH55-P1,aPLyKNmx4mRtUABmlIVFAK1kOVHA5uUfyJkHJ2dyiIyAKn9z8w-koQ==, ,https://d2ujgmo1oihwsm.cloudfront.net/myvideo-california.mp4,my content hosted on CloudFront,"{'Content-Type': 'video/mp4', 'Content-Length': '34082855', 'Connection': 'keep-alive', 'Last-Modified': 'Thu, 22 Jun 2023 10:01:02 GMT', 'x-amz-server-side-encryption': 'AES256', 'Accept-Ranges': 'bytes', 'Server': 'AmazonS3', 'Date': 'Thu, 22 Jun 2023 13:36:33 GMT', 'ETag': '""8ac8aa3c5414053de61f649fe776b0db-3""', 'Vary': 'Accept-Encoding', 'X-Cache': 'RefreshHit from cloudfront', 'Via': '1.1 aca4cfc16ad0f84e78738cc400bfb7f4.cloudfront.net (CloudFront)', 'X-Amz-Cf-Pop': 'ZRH55-P1', 'X-Amz-Cf-Id': 'aPLyKNmx4mRtUABmlIVFAK1kOVHA5uUfyJkHJ2dyiIyAKn9z8w-koQ=='}"
22-06-2023_15:36:45:009768,18.165.185.183,691.01, , , ,video/mp4,34082855,keep-alive,"Thu, 22 Jun 2023 13:36:46 GMT","Thu, 22 Jun 2023 10:01:02 GMT","""8ac8aa3c5414053de61f649fe776b0db-3""", ,AES256, , , ,bytes,AmazonS3, , , , ,RefreshHit from cloudfront,1.1 fec5e83bcae9ab1295b776b3f64183d0.cloudfront.net (CloudFront),ZRH55-P1,7uQdqNyjzFdcE__pB__5Ub5Se0wBJI7kmwUc0U4Z89_BayMkvZwYVg==, ,https://d2ujgmo1oihwsm.cloudfront.net/myvideo-california.mp4,my content hosted on CloudFront,"{'Content-Type': 'video/mp4', 'Content-Length': '34082855', 'Connection': 'keep-alive', 'Last-Modified': 'Thu, 22 Jun 2023 10:01:02 GMT', 'x-amz-server-side-encryption': 'AES256', 'Accept-Ranges': 'bytes', 'Server': 'AmazonS3', 'Date': 'Thu, 22 Jun 2023 13:36:46 GMT', 'ETag': '""8ac8aa3c5414053de61f649fe776b0db-3""', 'Vary': 'Accept-Encoding', 'X-Cache': 'RefreshHit from cloudfront', 'Via': '1.1 fec5e83bcae9ab1295b776b3f64183d0.cloudfront.net (CloudFront)', 'X-Amz-Cf-Pop': 'ZRH55-P1', 'X-Amz-Cf-Id': '7uQdqNyjzFdcE__pB__5Ub5Se0wBJI7kmwUc0U4Z89_BayMkvZwYVg=='}"
22-06-2023_15:36:57:715954,18.165.185.183,695.056, , , ,video/mp4,34082855,keep-alive,"Thu, 22 Jun 2023 13:36:59 GMT","Thu, 22 Jun 2023 10:01:02 GMT","""8ac8aa3c5414053de61f649fe776b0db-3""", ,AES256, , , ,bytes,AmazonS3, , , , ,RefreshHit from cloudfront,1.1 01c82f5226ffef5f7e654ffdbab24db6.cloudfront.net (CloudFront),ZRH55-P1,hwrx05QHDgM1yvBZyrLt0gMbsVfG6DQkY2Pg9yw0znzJa7SjA_YX4Q==, ,https://d2ujgmo1oihwsm.cloudfront.net/myvideo-california.mp4,my content hosted on CloudFront,"{'Content-Type': 'video/mp4', 'Content-Length': '34082855', 'Connection': 'keep-alive', 'Last-Modified': 'Thu, 22 Jun 2023 10:01:02 GMT', 'x-amz-server-side-encryption': 'AES256', 'Accept-Ranges': 'bytes', 'Server': 'AmazonS3', 'Date': 'Thu, 22 Jun 2023 13:36:59 GMT', 'ETag': '""8ac8aa3c5414053de61f649fe776b0db-3""', 'Vary': 'Accept-Encoding', 'X-Cache': 'RefreshHit from cloudfront', 'Via': '1.1 01c82f5226ffef5f7e654ffdbab24db6.cloudfront.net (CloudFront)', 'X-Amz-Cf-Pop': 'ZRH55-P1', 'X-Amz-Cf-Id': 'hwrx05QHDgM1yvBZyrLt0gMbsVfG6DQkY2Pg9yw0znzJa7SjA_YX4Q=='}"
22-06-2023_15:37:10:473930,18.165.185.93,666.586, , , ,video/mp4,34082855,keep-alive,"Thu, 22 Jun 2023 13:37:12 GMT","Thu, 22 Jun 2023 10:01:02 GMT","""8ac8aa3c5414053de61f649fe776b0db-3""", ,AES256, , , ,bytes,AmazonS3, , , , ,RefreshHit from cloudfront,1.1 3d994808da6a9ce8c9e7b1364fa689ea.cloudfront.net (CloudFront),ZRH55-P1,SgoD_BtuRkmiGcCpV021Jr2iCoI9Jy9_tc2zfGiOEJdxez3-460Zrw==, ,https://d2ujgmo1oihwsm.cloudfront.net/myvideo-california.mp4,my content hosted on CloudFront,"{'Content-Type': 'video/mp4', 'Content-Length': '34082855', 'Connection': 'keep-alive', 'Last-Modified': 'Thu, 22 Jun 2023 10:01:02 GMT', 'x-amz-server-side-encryption': 'AES256', 'Accept-Ranges': 'bytes', 'Server': 'AmazonS3', 'Date': 'Thu, 22 Jun 2023 13:37:12 GMT', 'ETag': '""8ac8aa3c5414053de61f649fe776b0db-3""', 'Vary': 'Accept-Encoding', 'X-Cache': 'RefreshHit from cloudfront', 'Via': '1.1 3d994808da6a9ce8c9e7b1364fa689ea.cloudfront.net (CloudFront)', 'X-Amz-Cf-Pop': 'ZRH55-P1', 'X-Amz-Cf-Id': 'SgoD_BtuRkmiGcCpV021Jr2iCoI9Jy9_tc2zfGiOEJdxez3-460Zrw=='}"
22-06-2023_15:37:23:162723,18.165.185.93,715.3960000000001, , , ,video/mp4,34082855,keep-alive,"Thu, 22 Jun 2023 13:37:24 GMT","Thu, 22 Jun 2023 10:01:02 GMT","""8ac8aa3c5414053de61f649fe776b0db-3""", ,AES256, , , ,bytes,AmazonS3, , , , ,RefreshHit from cloudfront,1.1 9c0ce977a13f3d9bbc6eed6540faf728.cloudfront.net (CloudFront),ZRH55-P1,_aILZ_FHZ2AcQRhR2cVMnQ4MxnbAEsYIDm10VOeTJlUdlO3qJPhRLQ==, ,https://d2ujgmo1oihwsm.cloudfront.net/myvideo-california.mp4,my content hosted on CloudFront,"{'Content-Type': 'video/mp4', 'Content-Length': '34082855', 'Connection': 'keep-alive', 'Last-Modified': 'Thu, 22 Jun 2023 10:01:02 GMT', 'x-amz-server-side-encryption': 'AES256', 'Accept-Ranges': 'bytes', 'Server': 'AmazonS3', 'Date': 'Thu, 22 Jun 2023 13:37:24 GMT', 'ETag': '""8ac8aa3c5414053de61f649fe776b0db-3""', 'Vary': 'Accept-Encoding', 'X-Cache': 'RefreshHit from cloudfront', 'Via': '1.1 9c0ce977a13f3d9bbc6eed6540faf728.cloudfront.net (CloudFront)', 'X-Amz-Cf-Pop': 'ZRH55-P1', 'X-Amz-Cf-Id': '_aILZ_FHZ2AcQRhR2cVMnQ4MxnbAEsYIDm10VOeTJlUdlO3qJPhRLQ=='}"
22-06-2023_15:37:35:890134,18.165.185.93,688.933, , , ,video/mp4,34082855,keep-alive,"Thu, 22 Jun 2023 13:37:37 GMT","Thu, 22 Jun 2023 10:01:02 GMT","""8ac8aa3c5414053de61f649fe776b0db-3""", ,AES256, , , ,bytes,AmazonS3, , , , ,RefreshHit from cloudfront,1.1 df9ce120cad525bdb160f75cd7b807c2.cloudfront.net (CloudFront),ZRH55-P1,6AnU6FkuUT8raihGL7XyvMDLCrwNiNWdTpRcFlxtRQYL6dqIJv7PFg==, ,https://d2ujgmo1oihwsm.cloudfront.net/myvideo-california.mp4,my content hosted on CloudFront,"{'Content-Type': 'video/mp4', 'Content-Length': '34082855', 'Connection': 'keep-alive', 'Last-Modified': 'Thu, 22 Jun 2023 10:01:02 GMT', 'x-amz-server-side-encryption': 'AES256', 'Accept-Ranges': 'bytes', 'Server': 'AmazonS3', 'Date': 'Thu, 22 Jun 2023 13:37:37 GMT', 'ETag': '""8ac8aa3c5414053de61f649fe776b0db-3""', 'Vary': 'Accept-Encoding', 'X-Cache': 'RefreshHit from cloudfront', 'Via': '1.1 df9ce120cad525bdb160f75cd7b807c2.cloudfront.net (CloudFront)', 'X-Amz-Cf-Pop': 'ZRH55-P1', 'X-Amz-Cf-Id': '6AnU6FkuUT8raihGL7XyvMDLCrwNiNWdTpRcFlxtRQYL6dqIJv7PFg=='}"
22-06-2023_15:37:48:573572,18.165.185.93,674.815, , , ,video/mp4,34082855,keep-alive,"Thu, 22 Jun 2023 13:37:50 GMT","Thu, 22 Jun 2023 10:01:02 GMT","""8ac8aa3c5414053de61f649fe776b0db-3""", ,AES256, , , ,bytes,AmazonS3, , , , ,RefreshHit from cloudfront,1.1 d75d7156b5e1833582c3070298720664.cloudfront.net (CloudFront),ZRH55-P1,Q2vxYqZVWGJCTmSRE8aDiiqwG64eeUzsDtPWGCgDGEv9a44X76AzKQ==, ,https://d2ujgmo1oihwsm.cloudfront.net/myvideo-california.mp4,my content hosted on CloudFront,"{'Content-Type': 'video/mp4', 'Content-Length': '34082855', 'Connection': 'keep-alive', 'Last-Modified': 'Thu, 22 Jun 2023 10:01:02 GMT', 'x-amz-server-side-encryption': 'AES256', 'Accept-Ranges': 'bytes', 'Server': 'AmazonS3', 'Date': 'Thu, 22 Jun 2023 13:37:50 GMT', 'ETag': '""8ac8aa3c5414053de61f649fe776b0db-3""', 'Vary': 'Accept-Encoding', 'X-Cache': 'RefreshHit from cloudfront', 'Via': '1.1 d75d7156b5e1833582c3070298720664.cloudfront.net (CloudFront)', 'X-Amz-Cf-Pop': 'ZRH55-P1', 'X-Amz-Cf-Id': 'Q2vxYqZVWGJCTmSRE8aDiiqwG64eeUzsDtPWGCgDGEv9a44X76AzKQ=='}"
22-06-2023_15:38:01:302851,18.165.185.93,666.692, , , ,video/mp4,34082855,keep-alive,"Thu, 22 Jun 2023 13:38:02 GMT","Thu, 22 Jun 2023 10:01:02 GMT","""8ac8aa3c5414053de61f649fe776b0db-3""", ,AES256, , , ,bytes,AmazonS3, , , , ,RefreshHit from cloudfront,1.1 01c82f5226ffef5f7e654ffdbab24db6.cloudfront.net (CloudFront),ZRH55-P1,XcF5HsUKqUMe5pH42wepO1-EiRV1eUY9jbgH0u6Dx7_zHK3B7_wW7w==, ,https://d2ujgmo1oihwsm.cloudfront.net/myvideo-california.mp4,my content hosted on CloudFront,"{'Content-Type': 'video/mp4', 'Content-Length': '34082855', 'Connection': 'keep-alive', 'Last-Modified': 'Thu, 22 Jun 2023 10:01:02 GMT', 'x-amz-server-side-encryption': 'AES256', 'Accept-Ranges': 'bytes', 'Server': 'AmazonS3', 'Date': 'Thu, 22 Jun 2023 13:38:02 GMT', 'ETag': '""8ac8aa3c5414053de61f649fe776b0db-3""', 'Vary': 'Accept-Encoding', 'X-Cache': 'RefreshHit from cloudfront', 'Via': '1.1 01c82f5226ffef5f7e654ffdbab24db6.cloudfront.net (CloudFront)', 'X-Amz-Cf-Pop': 'ZRH55-P1', 'X-Amz-Cf-Id': 'XcF5HsUKqUMe5pH42wepO1-EiRV1eUY9jbgH0u6Dx7_zHK3B7_wW7w=='}"
22-06-2023_15:38:14:028140,18.165.185.93,666.6, , , ,video/mp4,34082855,keep-alive,"Thu, 22 Jun 2023 13:38:15 GMT","Thu, 22 Jun 2023 10:01:02 GMT","""8ac8aa3c5414053de61f649fe776b0db-3""", ,AES256, , , ,bytes,AmazonS3, , , , ,RefreshHit from cloudfront,1.1 179ba4c3ce59451c080c2ed7517bcb96.cloudfront.net (CloudFront),ZRH55-P1,SbYy9iryZ3Wd8La7PYPnzWGpmt5P3VYGzpkneXCtIz5_d7nMWhTBsg==, ,https://d2ujgmo1oihwsm.cloudfront.net/myvideo-california.mp4,my content hosted on CloudFront,"{'Content-Type': 'video/mp4', 'Content-Length': '34082855', 'Connection': 'keep-alive', 'Last-Modified': 'Thu, 22 Jun 2023 10:01:02 GMT', 'x-amz-server-side-encryption': 'AES256', 'Accept-Ranges': 'bytes', 'Server': 'AmazonS3', 'Date': 'Thu, 22 Jun 2023 13:38:15 GMT', 'ETag': '""8ac8aa3c5414053de61f649fe776b0db-3""', 'Vary': 'Accept-Encoding', 'X-Cache': 'RefreshHit from cloudfront', 'Via': '1.1 179ba4c3ce59451c080c2ed7517bcb96.cloudfront.net (CloudFront)', 'X-Amz-Cf-Pop': 'ZRH55-P1', 'X-Amz-Cf-Id': 'SbYy9iryZ3Wd8La7PYPnzWGpmt5P3VYGzpkneXCtIz5_d7nMWhTBsg=='}"
22-06-2023_15:38:26:715968,18.165.185.22,668.774, , , ,video/mp4,34082855,keep-alive,"Thu, 22 Jun 2023 13:38:28 GMT","Thu, 22 Jun 2023 10:01:02 GMT","""8ac8aa3c5414053de61f649fe776b0db-3""", ,AES256, , , ,bytes,AmazonS3, , , , ,RefreshHit from cloudfront,1.1 4aab94d467900146bd910265f6087b8e.cloudfront.net (CloudFront),ZRH55-P1,1fHydptA2n3DwQAnatiwDPRKlom1oRjSPGBFlVP2c6Gorvj62VmzNA==, ,https://d2ujgmo1oihwsm.cloudfront.net/myvideo-california.mp4,my content hosted on CloudFront,"{'Content-Type': 'video/mp4', 'Content-Length': '34082855', 'Connection': 'keep-alive', 'Last-Modified': 'Thu, 22 Jun 2023 10:01:02 GMT', 'x-amz-server-side-encryption': 'AES256', 'Accept-Ranges': 'bytes', 'Server': 'AmazonS3', 'Date': 'Thu, 22 Jun 2023 13:38:28 GMT', 'ETag': '""8ac8aa3c5414053de61f649fe776b0db-3""', 'Vary': 'Accept-Encoding', 'X-Cache': 'RefreshHit from cloudfront', 'Via': '1.1 4aab94d467900146bd910265f6087b8e.cloudfront.net (CloudFront)', 'X-Amz-Cf-Pop': 'ZRH55-P1', 'X-Amz-Cf-Id': '1fHydptA2n3DwQAnatiwDPRKlom1oRjSPGBFlVP2c6Gorvj62VmzNA=='}"
22-06-2023_15:38:39:428427,18.165.185.22,664.669, , , ,video/mp4,34082855,keep-alive,"Thu, 22 Jun 2023 13:38:41 GMT","Thu, 22 Jun 2023 10:01:02 GMT","""8ac8aa3c5414053de61f649fe776b0db-3""", ,AES256, , , ,bytes,AmazonS3, , , , ,RefreshHit from cloudfront,1.1 7eb9eadda041aaab1056a6a0f8080462.cloudfront.net (CloudFront),ZRH55-P1,SGxN8CQ_VlE4Ok-q85E5InxeZmmLCKQDUO5FPVCv1KQw-Fe5KQeq3w==, ,https://d2ujgmo1oihwsm.cloudfront.net/myvideo-california.mp4,my content hosted on CloudFront,"{'Content-Type': 'video/mp4', 'Content-Length': '34082855', 'Connection': 'keep-alive', 'Last-Modified': 'Thu, 22 Jun 2023 10:01:02 GMT', 'x-amz-server-side-encryption': 'AES256', 'Accept-Ranges': 'bytes', 'Server': 'AmazonS3', 'Date': 'Thu, 22 Jun 2023 13:38:41 GMT', 'ETag': '""8ac8aa3c5414053de61f649fe776b0db-3""', 'Vary': 'Accept-Encoding', 'X-Cache': 'RefreshHit from cloudfront', 'Via': '1.1 7eb9eadda041aaab1056a6a0f8080462.cloudfront.net (CloudFront)', 'X-Amz-Cf-Pop': 'ZRH55-P1', 'X-Amz-Cf-Id': 'SGxN8CQ_VlE4Ok-q85E5InxeZmmLCKQDUO5FPVCv1KQw-Fe5KQeq3w=='}"
22-06-2023_15:38:52:131392,18.165.185.22,683.604, , , ,video/mp4,34082855,keep-alive,"Thu, 22 Jun 2023 13:38:53 GMT","Thu, 22 Jun 2023 10:01:02 GMT","""8ac8aa3c5414053de61f649fe776b0db-3""", ,AES256, , , ,bytes,AmazonS3, , , , ,RefreshHit from cloudfront,1.1 f6d3d027dc70c7291c2f685efb187ab2.cloudfront.net (CloudFront),ZRH55-P1,b9HK-l98aoFZ_HbLmE2-HUmsY-nBmUmKoKpLV_uQjKGo9PcSWHT-lg==, ,https://d2ujgmo1oihwsm.cloudfront.net/myvideo-california.mp4,my content hosted on CloudFront,"{'Content-Type': 'video/mp4', 'Content-Length': '34082855', 'Connection': 'keep-alive', 'Last-Modified': 'Thu, 22 Jun 2023 10:01:02 GMT', 'x-amz-server-side-encryption': 'AES256', 'Accept-Ranges': 'bytes', 'Server': 'AmazonS3', 'Date': 'Thu, 22 Jun 2023 13:38:53 GMT', 'ETag': '""8ac8aa3c5414053de61f649fe776b0db-3""', 'Vary': 'Accept-Encoding', 'X-Cache': 'RefreshHit from cloudfront', 'Via': '1.1 f6d3d027dc70c7291c2f685efb187ab2.cloudfront.net (CloudFront)', 'X-Amz-Cf-Pop': 'ZRH55-P1', 'X-Amz-Cf-Id': 'b9HK-l98aoFZ_HbLmE2-HUmsY-nBmUmKoKpLV_uQjKGo9PcSWHT-lg=='}"
22-06-2023_15:39:04:813594,18.165.185.22,667.541, , , ,video/mp4,34082855,keep-alive,"Thu, 22 Jun 2023 13:39:06 GMT","Thu, 22 Jun 2023 10:01:02 GMT","""8ac8aa3c5414053de61f649fe776b0db-3""", ,AES256, , , ,bytes,AmazonS3, , , , ,RefreshHit from cloudfront,1.1 a9717fb92179a05f5da85fabc586e750.cloudfront.net (CloudFront),ZRH55-P1,0Lz1vJBK9eID7mI6qPfqVRLAWb2knNKwTW3DVEx4_jwPwnabVGWp2g==, ,https://d2ujgmo1oihwsm.cloudfront.net/myvideo-california.mp4,my content hosted on CloudFront,"{'Content-Type': 'video/mp4', 'Content-Length': '34082855', 'Connection': 'keep-alive', 'Last-Modified': 'Thu, 22 Jun 2023 10:01:02 GMT', 'x-amz-server-side-encryption': 'AES256', 'Accept-Ranges': 'bytes', 'Server': 'AmazonS3', 'Date': 'Thu, 22 Jun 2023 13:39:06 GMT', 'ETag': '""8ac8aa3c5414053de61f649fe776b0db-3""', 'Vary': 'Accept-Encoding', 'X-Cache': 'RefreshHit from cloudfront', 'Via': '1.1 a9717fb92179a05f5da85fabc586e750.cloudfront.net (CloudFront)', 'X-Amz-Cf-Pop': 'ZRH55-P1', 'X-Amz-Cf-Id': '0Lz1vJBK9eID7mI6qPfqVRLAWb2knNKwTW3DVEx4_jwPwnabVGWp2g=='}"
22-06-2023_15:39:17:492171,18.165.185.22,667.981, , , ,video/mp4,34082855,keep-alive,"Thu, 22 Jun 2023 13:39:19 GMT","Thu, 22 Jun 2023 10:01:02 GMT","""8ac8aa3c5414053de61f649fe776b0db-3""", ,AES256, , , ,bytes,AmazonS3, , , , ,RefreshHit from cloudfront,1.1 6ea1443d3dc39c2be7c23883fb0bd3e0.cloudfront.net (CloudFront),ZRH55-P1,-ARxEEwEUn-EFdLFGSUU7kf0-Ac-lCcKyGIEWdNQAu5MzWtkNrzhtg==, ,https://d2ujgmo1oihwsm.cloudfront.net/myvideo-california.mp4,my content hosted on CloudFront,"{'Content-Type': 'video/mp4', 'Content-Length': '34082855', 'Connection': 'keep-alive', 'Last-Modified': 'Thu, 22 Jun 2023 10:01:02 GMT', 'x-amz-server-side-encryption': 'AES256', 'Accept-Ranges': 'bytes', 'Server': 'AmazonS3', 'Date': 'Thu, 22 Jun 2023 13:39:19 GMT', 'ETag': '""8ac8aa3c5414053de61f649fe776b0db-3""', 'Vary': 'Accept-Encoding', 'X-Cache': 'RefreshHit from cloudfront', 'Via': '1.1 6ea1443d3dc39c2be7c23883fb0bd3e0.cloudfront.net (CloudFront)', 'X-Amz-Cf-Pop': 'ZRH55-P1', 'X-Amz-Cf-Id': '-ARxEEwEUn-EFdLFGSUU7kf0-Ac-lCcKyGIEWdNQAu5MzWtkNrzhtg=='}"
22-06-2023_15:39:30:188546,18.165.185.22,675.747, , , ,video/mp4,34082855,keep-alive,"Thu, 22 Jun 2023 13:39:31 GMT","Thu, 22 Jun 2023 10:01:02 GMT","""8ac8aa3c5414053de61f649fe776b0db-3""", ,AES256, , , ,bytes,AmazonS3, , , , ,RefreshHit from cloudfront,1.1 3a4b7ff21260552f6982d2003fec9c84.cloudfront.net (CloudFront),ZRH55-P1,_3A6b-2GE64akYGuHcjTtCM6P37yG90D2OGQW1X1tjqMnFZf8Qv10A==, ,https://d2ujgmo1oihwsm.cloudfront.net/myvideo-california.mp4,my content hosted on CloudFront,"{'Content-Type': 'video/mp4', 'Content-Length': '34082855', 'Connection': 'keep-alive', 'Last-Modified': 'Thu, 22 Jun 2023 10:01:02 GMT', 'x-amz-server-side-encryption': 'AES256', 'Accept-Ranges': 'bytes', 'Server': 'AmazonS3', 'Date': 'Thu, 22 Jun 2023 13:39:31 GMT', 'ETag': '""8ac8aa3c5414053de61f649fe776b0db-3""', 'Vary': 'Accept-Encoding', 'X-Cache': 'RefreshHit from cloudfront', 'Via': '1.1 3a4b7ff21260552f6982d2003fec9c84.cloudfront.net (CloudFront)', 'X-Amz-Cf-Pop': 'ZRH55-P1', 'X-Amz-Cf-Id': '_3A6b-2GE64akYGuHcjTtCM6P37yG90D2OGQW1X1tjqMnFZf8Qv10A=='}"
22-06-2023_15:39:42:872886,18.165.185.93,671.1460000000001, , , ,video/mp4,34082855,keep-alive,"Thu, 22 Jun 2023 13:39:44 GMT","Thu, 22 Jun 2023 10:01:02 GMT","""8ac8aa3c5414053de61f649fe776b0db-3""", ,AES256, , , ,bytes,AmazonS3, , , , ,RefreshHit from cloudfront,1.1 df9ce120cad525bdb160f75cd7b807c2.cloudfront.net (CloudFront),ZRH55-P1,aGc8z-Pb8JE3nM2XjSE8PjrZEtpUckBQzMi1r-N1GIyDQ-12WBttYg==, ,https://d2ujgmo1oihwsm.cloudfront.net/myvideo-california.mp4,my content hosted on CloudFront,"{'Content-Type': 'video/mp4', 'Content-Length': '34082855', 'Connection': 'keep-alive', 'Last-Modified': 'Thu, 22 Jun 2023 10:01:02 GMT', 'x-amz-server-side-encryption': 'AES256', 'Accept-Ranges': 'bytes', 'Server': 'AmazonS3', 'Date': 'Thu, 22 Jun 2023 13:39:44 GMT', 'ETag': '""8ac8aa3c5414053de61f649fe776b0db-3""', 'Vary': 'Accept-Encoding', 'X-Cache': 'RefreshHit from cloudfront', 'Via': '1.1 df9ce120cad525bdb160f75cd7b807c2.cloudfront.net (CloudFront)', 'X-Amz-Cf-Pop': 'ZRH55-P1', 'X-Amz-Cf-Id': 'aGc8z-Pb8JE3nM2XjSE8PjrZEtpUckBQzMi1r-N1GIyDQ-12WBttYg=='}"
22-06-2023_15:39:55:546954,18.165.185.93,686.403, , , ,video/mp4,34082855,keep-alive,"Thu, 22 Jun 2023 13:39:57 GMT","Thu, 22 Jun 2023 10:01:02 GMT","""8ac8aa3c5414053de61f649fe776b0db-3""", ,AES256, , , ,bytes,AmazonS3, , , , ,RefreshHit from cloudfront,1.1 2177a1d449a3e8dc7269040f15d81cb0.cloudfront.net (CloudFront),ZRH55-P1,aFoEv-n4h0C9151NE6xSE1Gi6-6LZqK597Th8htEtJjWrTwQktqy2A==, ,https://d2ujgmo1oihwsm.cloudfront.net/myvideo-california.mp4,my content hosted on CloudFront,"{'Content-Type': 'video/mp4', 'Content-Length': '34082855', 'Connection': 'keep-alive', 'Last-Modified': 'Thu, 22 Jun 2023 10:01:02 GMT', 'x-amz-server-side-encryption': 'AES256', 'Accept-Ranges': 'bytes', 'Server': 'AmazonS3', 'Date': 'Thu, 22 Jun 2023 13:39:57 GMT', 'ETag': '""8ac8aa3c5414053de61f649fe776b0db-3""', 'Vary': 'Accept-Encoding', 'X-Cache': 'RefreshHit from cloudfront', 'Via': '1.1 2177a1d449a3e8dc7269040f15d81cb0.cloudfront.net (CloudFront)', 'X-Amz-Cf-Pop': 'ZRH55-P1', 'X-Amz-Cf-Id': 'aFoEv-n4h0C9151NE6xSE1Gi6-6LZqK597Th8htEtJjWrTwQktqy2A=='}"
22-06-2023_15:40:08:216266,18.165.185.93,669.5569999999999, , , ,video/mp4,34082855,keep-alive,"Thu, 22 Jun 2023 13:40:09 GMT","Thu, 22 Jun 2023 10:01:02 GMT","""8ac8aa3c5414053de61f649fe776b0db-3""", ,AES256, , , ,bytes,AmazonS3, , , , ,RefreshHit from cloudfront,1.1 633b37c269943f0b3472e0abe1a07b2c.cloudfront.net (CloudFront),ZRH55-P1,UQFgRYlvvfDMOIGjf02U1V3Hp07qxckI_13YeV6Lg0ChTCUpnXxDmA==, ,https://d2ujgmo1oihwsm.cloudfront.net/myvideo-california.mp4,my content hosted on CloudFront,"{'Content-Type': 'video/mp4', 'Content-Length': '34082855', 'Connection': 'keep-alive', 'Last-Modified': 'Thu, 22 Jun 2023 10:01:02 GMT', 'x-amz-server-side-encryption': 'AES256', 'Accept-Ranges': 'bytes', 'Server': 'AmazonS3', 'Date': 'Thu, 22 Jun 2023 13:40:09 GMT', 'ETag': '""8ac8aa3c5414053de61f649fe776b0db-3""', 'Vary': 'Accept-Encoding', 'X-Cache': 'RefreshHit from cloudfront', 'Via': '1.1 633b37c269943f0b3472e0abe1a07b2c.cloudfront.net (CloudFront)', 'X-Amz-Cf-Pop': 'ZRH55-P1', 'X-Amz-Cf-Id': 'UQFgRYlvvfDMOIGjf02U1V3Hp07qxckI_13YeV6Lg0ChTCUpnXxDmA=='}"
