timestamp(dd-mm-yyyy hh:mm:ss:ms),responseIP,latency(ms),traceroute_ips,traceroute_hnames,hop count,Content-Type,Content-Length,Connection,Date,Last-Modified,ETag,x-amz-storage-class,x-amz-server-side-encryption,x-amz-meta-dv-checksum-sha-1,x-amz-meta-dv-checksum-md5,x-amz-meta-dv-checksum-sha-256,Accept-Ranges,Server,X-Server-IP,X-Server-IP_hops,X-Server-IP_hnames,X-Server-IP_hopcount,X-Cache,Via,X-Amz-Cf-Pop,X-Amz-Cf-Id,Age,url,info,reasponseHeaders
22-06-2023_15:33:35:997168,18.165.185.131,28.747000000000003, , , ,video/mp4,34082855,keep-alive,"Thu, 22 Jun 2023 13:33:29 GMT","Thu, 22 Jun 2023 10:01:02 GMT","""8ac8aa3c5414053de61f649fe776b0db-3""", ,AES256, , , ,bytes,AmazonS3, , , , ,Hit from cloudfront,1.1 aca4cfc16ad0f84e78738cc400bfb7f4.cloudfront.net (CloudFront),ZRH55-P1,fVfUtp_2bj7BCrrCJ2pVMOXvwoXS_p8b3btuhIfIrFi7lL8wAoa6BA==,8,https://d36mvgiamk5bf0.cloudfront.net/myvideo-california.mp4,my content hosted on CloudFront,"{'Content-Type': 'video/mp4', 'Content-Length': '34082855', 'Connection': 'keep-alive', 'Last-Modified': 'Thu, 22 Jun 2023 10:01:02 GMT', 'x-amz-server-side-encryption': 'AES256', 'Accept-Ranges': 'bytes', 'Server': 'AmazonS3', 'Date': 'Thu, 22 Jun 2023 13:33:29 GMT', 'ETag': '""8ac8aa3c5414053de61f649fe776b0db-3""', 'Vary': 'Accept-Encoding', 'X-Cache': 'Hit from cloudfront', 'Via': '1.1 aca4cfc16ad0f84e78738cc400bfb7f4.cloudfront.net (CloudFront)', 'X-Amz-Cf-Pop': 'ZRH55-P1', 'X-Amz-Cf-Id': 'fVfUtp_2bj7BCrrCJ2pVMOXvwoXS_p8b3btuhIfIrFi7lL8wAoa6BA==', 'Age': '8'}"
22-06-2023_15:33:48:041351,18.165.185.131,709.9029999999999, , , ,video/mp4,34082855,keep-alive,"Thu, 22 Jun 2023 13:33:49 GMT","Thu, 22 Jun 2023 10:01:02 GMT","""8ac8aa3c5414053de61f649fe776b0db-3""", ,AES256, , , ,bytes,AmazonS3, , , , ,RefreshHit from cloudfront,1.1 f6d3d027dc70c7291c2f685efb187ab2.cloudfront.net (CloudFront),ZRH55-P1,Hr8xNNpvaaYJru_s_xoSJ4IfLSLcynKCh3IcAQ7Kz4tVmEQ_ZHD8aw==, ,https://d36mvgiamk5bf0.cloudfront.net/myvideo-california.mp4,my content hosted on CloudFront,"{'Content-Type': 'video/mp4', 'Content-Length': '34082855', 'Connection': 'keep-alive', 'Last-Modified': 'Thu, 22 Jun 2023 10:01:02 GMT', 'x-amz-server-side-encryption': 'AES256', 'Accept-Ranges': 'bytes', 'Server': 'AmazonS3', 'Date': 'Thu, 22 Jun 2023 13:33:49 GMT', 'ETag': '""8ac8aa3c5414053de61f649fe776b0db-3""', 'Vary': 'Accept-Encoding', 'X-Cache': 'RefreshHit from cloudfront', 'Via': '1.1 f6d3d027dc70c7291c2f685efb187ab2.cloudfront.net (CloudFront)', 'X-Amz-Cf-Pop': 'ZRH55-P1', 'X-Amz-Cf-Id': 'Hr8xNNpvaaYJru_s_xoSJ4IfLSLcynKCh3IcAQ7Kz4tVmEQ_ZHD8aw=='}"
22-06-2023_15:34:00:763203,18.165.185.131,710.277, , , ,video/mp4,34082855,keep-alive,"Thu, 22 Jun 2023 13:34:02 GMT","Thu, 22 Jun 2023 10:01:02 GMT","""8ac8aa3c5414053de61f649fe776b0db-3""", ,AES256, , , ,bytes,AmazonS3, , , , ,RefreshHit from cloudfront,1.1 49039a44484a184312d8f608c205b640.cloudfront.net (CloudFront),ZRH55-P1,2_PC1tbXIun9hw1qZksOnD1yoWGMloc-vqrYCIjBSEDRf1BMAkFIIw==, ,https://d36mvgiamk5bf0.cloudfront.net/myvideo-california.mp4,my content hosted on CloudFront,"{'Content-Type': 'video/mp4', 'Content-Length': '34082855', 'Connection': 'keep-alive', 'Last-Modified': 'Thu, 22 Jun 2023 10:01:02 GMT', 'x-amz-server-side-encryption': 'AES256', 'Accept-Ranges': 'bytes', 'Server': 'AmazonS3', 'Date': 'Thu, 22 Jun 2023 13:34:02 GMT', 'ETag': '""8ac8aa3c5414053de61f649fe776b0db-3""', 'Vary': 'Accept-Encoding', 'X-Cache': 'RefreshHit from cloudfront', 'Via': '1.1 49039a44484a184312d8f608c205b640.cloudfront.net (CloudFront)', 'X-Amz-Cf-Pop': 'ZRH55-P1', 'X-Amz-Cf-Id': '2_PC1tbXIun9hw1qZksOnD1yoWGMloc-vqrYCIjBSEDRf1BMAkFIIw=='}"
22-06-2023_15:34:13:488084,18.165.185.131,693.723, , , ,video/mp4,34082855,keep-alive,"Thu, 22 Jun 2023 13:34:15 GMT","Thu, 22 Jun 2023 10:01:02 GMT","""8ac8aa3c5414053de61f649fe776b0db-3""", ,AES256, , , ,bytes,AmazonS3, , , , ,RefreshHit from cloudfront,1.1 abd012b9637ad93b7c9aa82d2cfb262c.cloudfront.net (CloudFront),ZRH55-P1,RcBP9urTE4jpEnPI75552v2-s7Phl5CKxXTP2U63PriwA1X0rSoYlw==, ,https://d36mvgiamk5bf0.cloudfront.net/myvideo-california.mp4,my content hosted on CloudFront,"{'Content-Type': 'video/mp4', 'Content-Length': '34082855', 'Connection': 'keep-alive', 'Last-Modified': 'Thu, 22 Jun 2023 10:01:02 GMT', 'x-amz-server-side-encryption': 'AES256', 'Accept-Ranges': 'bytes', 'Server': 'AmazonS3', 'Date': 'Thu, 22 Jun 2023 13:34:15 GMT', 'ETag': '""8ac8aa3c5414053de61f649fe776b0db-3""', 'Vary': 'Accept-Encoding', 'X-Cache': 'RefreshHit from cloudfront', 'Via': '1.1 abd012b9637ad93b7c9aa82d2cfb262c.cloudfront.net (CloudFront)', 'X-Amz-Cf-Pop': 'ZRH55-P1', 'X-Amz-Cf-Id': 'RcBP9urTE4jpEnPI75552v2-s7Phl5CKxXTP2U63PriwA1X0rSoYlw=='}"
22-06-2023_15:34:26:201550,18.165.185.221,693.578, , , ,video/mp4,34082855,keep-alive,"Thu, 22 Jun 2023 13:34:27 GMT","Thu, 22 Jun 2023 10:01:02 GMT","""8ac8aa3c5414053de61f649fe776b0db-3""", ,AES256, , , ,bytes,AmazonS3, , , , ,RefreshHit from cloudfront,1.1 9defe0d67603d45217a1199d0f877384.cloudfront.net (CloudFront),ZRH55-P1,L2CYqazwdFrmZjpr58hp7612kZ3XMRt0qiBIVbW1beTAfl3aLGoTQw==, ,https://d36mvgiamk5bf0.cloudfront.net/myvideo-california.mp4,my content hosted on CloudFront,"{'Content-Type': 'video/mp4', 'Content-Length': '34082855', 'Connection': 'keep-alive', 'Last-Modified': 'Thu, 22 Jun 2023 10:01:02 GMT', 'x-amz-server-side-encryption': 'AES256', 'Accept-Ranges': 'bytes', 'Server': 'AmazonS3', 'Date': 'Thu, 22 Jun 2023 13:34:27 GMT', 'ETag': '""8ac8aa3c5414053de61f649fe776b0db-3""', 'Vary': 'Accept-Encoding', 'X-Cache': 'RefreshHit from cloudfront', 'Via': '1.1 9defe0d67603d45217a1199d0f877384.cloudfront.net (CloudFront)', 'X-Amz-Cf-Pop': 'ZRH55-P1', 'X-Amz-Cf-Id': 'L2CYqazwdFrmZjpr58hp7612kZ3XMRt0qiBIVbW1beTAfl3aLGoTQw=='}"
22-06-2023_15:34:38:927416,18.165.185.221,717.389, , , ,video/mp4,34082855,keep-alive,"Thu, 22 Jun 2023 13:34:40 GMT","Thu, 22 Jun 2023 10:01:02 GMT","""8ac8aa3c5414053de61f649fe776b0db-3""", ,AES256, , , ,bytes,AmazonS3, , , , ,RefreshHit from cloudfront,1.1 ca6974974a9175b71fb6a84145111ed2.cloudfront.net (CloudFront),ZRH55-P1,p3aBMAYW4SfmN_yWUoag3CehALYQt8cKwCNy1FsmMT2hqO66eOFhhA==, ,https://d36mvgiamk5bf0.cloudfront.net/myvideo-california.mp4,my content hosted on CloudFront,"{'Content-Type': 'video/mp4', 'Content-Length': '34082855', 'Connection': 'keep-alive', 'Last-Modified': 'Thu, 22 Jun 2023 10:01:02 GMT', 'x-amz-server-side-encryption': 'AES256', 'Accept-Ranges': 'bytes', 'Server': 'AmazonS3', 'Date': 'Thu, 22 Jun 2023 13:34:40 GMT', 'ETag': '""8ac8aa3c5414053de61f649fe776b0db-3""', 'Vary': 'Accept-Encoding', 'X-Cache': 'RefreshHit from cloudfront', 'Via': '1.1 ca6974974a9175b71fb6a84145111ed2.cloudfront.net (CloudFront)', 'X-Amz-Cf-Pop': 'ZRH55-P1', 'X-Amz-Cf-Id': 'p3aBMAYW4SfmN_yWUoag3CehALYQt8cKwCNy1FsmMT2hqO66eOFhhA=='}"
22-06-2023_15:34:51:656756,18.165.185.221,694.415, , , ,video/mp4,34082855,keep-alive,"Thu, 22 Jun 2023 13:34:53 GMT","Thu, 22 Jun 2023 10:01:02 GMT","""8ac8aa3c5414053de61f649fe776b0db-3""", ,AES256, , , ,bytes,AmazonS3, , , , ,RefreshHit from cloudfront,1.1 df9ce120cad525bdb160f75cd7b807c2.cloudfront.net (CloudFront),ZRH55-P1,-GNUs4msgCFklzqwNmHX0SK5xVnFC07YfDUdHLI_9Yk2q0teN8jiRA==, ,https://d36mvgiamk5bf0.cloudfront.net/myvideo-california.mp4,my content hosted on CloudFront,"{'Content-Type': 'video/mp4', 'Content-Length': '34082855', 'Connection': 'keep-alive', 'Last-Modified': 'Thu, 22 Jun 2023 10:01:02 GMT', 'x-amz-server-side-encryption': 'AES256', 'Accept-Ranges': 'bytes', 'Server': 'AmazonS3', 'Date': 'Thu, 22 Jun 2023 13:34:53 GMT', 'ETag': '""8ac8aa3c5414053de61f649fe776b0db-3""', 'Vary': 'Accept-Encoding', 'X-Cache': 'RefreshHit from cloudfront', 'Via': '1.1 df9ce120cad525bdb160f75cd7b807c2.cloudfront.net (CloudFront)', 'X-Amz-Cf-Pop': 'ZRH55-P1', 'X-Amz-Cf-Id': '-GNUs4msgCFklzqwNmHX0SK5xVnFC07YfDUdHLI_9Yk2q0teN8jiRA=='}"
22-06-2023_15:35:04:364835,18.165.185.221,705.3580000000001, , , ,video/mp4,34082855,keep-alive,"Thu, 22 Jun 2023 13:35:06 GMT","Thu, 22 Jun 2023 10:01:02 GMT","""8ac8aa3c5414053de61f649fe776b0db-3""", ,AES256, , , ,bytes,AmazonS3, , , , ,RefreshHit from cloudfront,1.1 ca6974974a9175b71fb6a84145111ed2.cloudfront.net (CloudFront),ZRH55-P1,5aGJMB7_bUsasTbN8dEeODm8lJgAbZ8hvuGnaEdDZ0FdMJVLWKXg1w==, ,https://d36mvgiamk5bf0.cloudfront.net/myvideo-california.mp4,my content hosted on CloudFront,"{'Content-Type': 'video/mp4', 'Content-Length': '34082855', 'Connection': 'keep-alive', 'Last-Modified': 'Thu, 22 Jun 2023 10:01:02 GMT', 'x-amz-server-side-encryption': 'AES256', 'Accept-Ranges': 'bytes', 'Server': 'AmazonS3', 'Date': 'Thu, 22 Jun 2023 13:35:06 GMT', 'ETag': '""8ac8aa3c5414053de61f649fe776b0db-3""', 'Vary': 'Accept-Encoding', 'X-Cache': 'RefreshHit from cloudfront', 'Via': '1.1 ca6974974a9175b71fb6a84145111ed2.cloudfront.net (CloudFront)', 'X-Amz-Cf-Pop': 'ZRH55-P1', 'X-Amz-Cf-Id': '5aGJMB7_bUsasTbN8dEeODm8lJgAbZ8hvuGnaEdDZ0FdMJVLWKXg1w=='}"
22-06-2023_15:35:17:080580,18.165.185.221,719.4110000000001, , , ,video/mp4,34082855,keep-alive,"Thu, 22 Jun 2023 13:35:18 GMT","Thu, 22 Jun 2023 10:01:02 GMT","""8ac8aa3c5414053de61f649fe776b0db-3""", ,AES256, , , ,bytes,AmazonS3, , , , ,RefreshHit from cloudfront,1.1 2bb98457c96f801517f8d0d98344cd3c.cloudfront.net (CloudFront),ZRH55-P1,z_ulrlSIdpM6oVh914RYmoNrpEj09pzEjmpccUrbrVi-RQ5L2yBkGA==, ,https://d36mvgiamk5bf0.cloudfront.net/myvideo-california.mp4,my content hosted on CloudFront,"{'Content-Type': 'video/mp4', 'Content-Length': '34082855', 'Connection': 'keep-alive', 'Last-Modified': 'Thu, 22 Jun 2023 10:01:02 GMT', 'x-amz-server-side-encryption': 'AES256', 'Accept-Ranges': 'bytes', 'Server': 'AmazonS3', 'Date': 'Thu, 22 Jun 2023 13:35:18 GMT', 'ETag': '""8ac8aa3c5414053de61f649fe776b0db-3""', 'Vary': 'Accept-Encoding', 'X-Cache': 'RefreshHit from cloudfront', 'Via': '1.1 2bb98457c96f801517f8d0d98344cd3c.cloudfront.net (CloudFront)', 'X-Amz-Cf-Pop': 'ZRH55-P1', 'X-Amz-Cf-Id': 'z_ulrlSIdpM6oVh914RYmoNrpEj09pzEjmpccUrbrVi-RQ5L2yBkGA=='}"
22-06-2023_15:35:29:812229,18.165.185.221,685.0509999999999, , , ,video/mp4,34082855,keep-alive,"Thu, 22 Jun 2023 13:35:31 GMT","Thu, 22 Jun 2023 10:01:02 GMT","""8ac8aa3c5414053de61f649fe776b0db-3""", ,AES256, , , ,bytes,AmazonS3, , , , ,RefreshHit from cloudfront,1.1 6ea1443d3dc39c2be7c23883fb0bd3e0.cloudfront.net (CloudFront),ZRH55-P1,eDPaUlhn_a_ihIOtvOesDc_2GkVG04a_eq2bOPYAm2o9l8kjUjpzNA==, ,https://d36mvgiamk5bf0.cloudfront.net/myvideo-california.mp4,my content hosted on CloudFront,"{'Content-Type': 'video/mp4', 'Content-Length': '34082855', 'Connection': 'keep-alive', 'Last-Modified': 'Thu, 22 Jun 2023 10:01:02 GMT', 'x-amz-server-side-encryption': 'AES256', 'Accept-Ranges': 'bytes', 'Server': 'AmazonS3', 'Date': 'Thu, 22 Jun 2023 13:35:31 GMT', 'ETag': '""8ac8aa3c5414053de61f649fe776b0db-3""', 'Vary': 'Accept-Encoding', 'X-Cache': 'RefreshHit from cloudfront', 'Via': '1.1 6ea1443d3dc39c2be7c23883fb0bd3e0.cloudfront.net (CloudFront)', 'X-Amz-Cf-Pop': 'ZRH55-P1', 'X-Amz-Cf-Id': 'eDPaUlhn_a_ihIOtvOesDc_2GkVG04a_eq2bOPYAm2o9l8kjUjpzNA=='}"
22-06-2023_15:35:42:509980,18.165.185.221,701.229, , , ,video/mp4,34082855,keep-alive,"Thu, 22 Jun 2023 13:35:44 GMT","Thu, 22 Jun 2023 10:01:02 GMT","""8ac8aa3c5414053de61f649fe776b0db-3""", ,AES256, , , ,bytes,AmazonS3, , , , ,RefreshHit from cloudfront,1.1 2177a1d449a3e8dc7269040f15d81cb0.cloudfront.net (CloudFront),ZRH55-P1,Ge7_HoWrxYqfVhfrrUq7pka27Bok98XkxTghZbxMVR94ZWXZyxN0jA==, ,https://d36mvgiamk5bf0.cloudfront.net/myvideo-california.mp4,my content hosted on CloudFront,"{'Content-Type': 'video/mp4', 'Content-Length': '34082855', 'Connection': 'keep-alive', 'Last-Modified': 'Thu, 22 Jun 2023 10:01:02 GMT', 'x-amz-server-side-encryption': 'AES256', 'Accept-Ranges': 'bytes', 'Server': 'AmazonS3', 'Date': 'Thu, 22 Jun 2023 13:35:44 GMT', 'ETag': '""8ac8aa3c5414053de61f649fe776b0db-3""', 'Vary': 'Accept-Encoding', 'X-Cache': 'RefreshHit from cloudfront', 'Via': '1.1 2177a1d449a3e8dc7269040f15d81cb0.cloudfront.net (CloudFront)', 'X-Amz-Cf-Pop': 'ZRH55-P1', 'X-Amz-Cf-Id': 'Ge7_HoWrxYqfVhfrrUq7pka27Bok98XkxTghZbxMVR94ZWXZyxN0jA=='}"
22-06-2023_15:35:55:225612,18.165.185.221,669.449, , , ,video/mp4,34082855,keep-alive,"Thu, 22 Jun 2023 13:35:56 GMT","Thu, 22 Jun 2023 10:01:02 GMT","""8ac8aa3c5414053de61f649fe776b0db-3""", ,AES256, , , ,bytes,AmazonS3, , , , ,RefreshHit from cloudfront,1.1 f6d3d027dc70c7291c2f685efb187ab2.cloudfront.net (CloudFront),ZRH55-P1,z4Kii4CnHZgINyOAHXiCyDuvrwn6zL5_oTsdnnmDuhEg7ciPdCVKNA==, ,https://d36mvgiamk5bf0.cloudfront.net/myvideo-california.mp4,my content hosted on CloudFront,"{'Content-Type': 'video/mp4', 'Content-Length': '34082855', 'Connection': 'keep-alive', 'Last-Modified': 'Thu, 22 Jun 2023 10:01:02 GMT', 'x-amz-server-side-encryption': 'AES256', 'Accept-Ranges': 'bytes', 'Server': 'AmazonS3', 'Date': 'Thu, 22 Jun 2023 13:35:56 GMT', 'ETag': '""8ac8aa3c5414053de61f649fe776b0db-3""', 'Vary': 'Accept-Encoding', 'X-Cache': 'RefreshHit from cloudfront', 'Via': '1.1 f6d3d027dc70c7291c2f685efb187ab2.cloudfront.net (CloudFront)', 'X-Amz-Cf-Pop': 'ZRH55-P1', 'X-Amz-Cf-Id': 'z4Kii4CnHZgINyOAHXiCyDuvrwn6zL5_oTsdnnmDuhEg7ciPdCVKNA=='}"
22-06-2023_15:36:07:907420,18.165.185.221,708.399, , , ,video/mp4,34082855,keep-alive,"Thu, 22 Jun 2023 13:36:09 GMT","Thu, 22 Jun 2023 10:01:02 GMT","""8ac8aa3c5414053de61f649fe776b0db-3""", ,AES256, , , ,bytes,AmazonS3, , , , ,RefreshHit from cloudfront,1.1 4aab94d467900146bd910265f6087b8e.cloudfront.net (CloudFront),ZRH55-P1,uJdXq0-Nf2YWY_9UDHjjzvrZx4LOSWvVlRfLuZS9yPpaO82lR4TrKQ==, ,https://d36mvgiamk5bf0.cloudfront.net/myvideo-california.mp4,my content hosted on CloudFront,"{'Content-Type': 'video/mp4', 'Content-Length': '34082855', 'Connection': 'keep-alive', 'Last-Modified': 'Thu, 22 Jun 2023 10:01:02 GMT', 'x-amz-server-side-encryption': 'AES256', 'Accept-Ranges': 'bytes', 'Server': 'AmazonS3', 'Date': 'Thu, 22 Jun 2023 13:36:09 GMT', 'ETag': '""8ac8aa3c5414053de61f649fe776b0db-3""', 'Vary': 'Accept-Encoding', 'X-Cache': 'RefreshHit from cloudfront', 'Via': '1.1 4aab94d467900146bd910265f6087b8e.cloudfront.net (CloudFront)', 'X-Amz-Cf-Pop': 'ZRH55-P1', 'X-Amz-Cf-Id': 'uJdXq0-Nf2YWY_9UDHjjzvrZx4LOSWvVlRfLuZS9yPpaO82lR4TrKQ=='}"
22-06-2023_15:36:20:627515,18.165.185.221,684.4590000000001, , , ,video/mp4,34082855,keep-alive,"Thu, 22 Jun 2023 13:36:22 GMT","Thu, 22 Jun 2023 10:01:02 GMT","""8ac8aa3c5414053de61f649fe776b0db-3""", ,AES256, , , ,bytes,AmazonS3, , , , ,RefreshHit from cloudfront,1.1 4aab94d467900146bd910265f6087b8e.cloudfront.net (CloudFront),ZRH55-P1,FjptlOPPF9XVVmc42GzK7J7sevOmte0wHbEBdKp7kwsbbHWZxQvyjA==, ,https://d36mvgiamk5bf0.cloudfront.net/myvideo-california.mp4,my content hosted on CloudFront,"{'Content-Type': 'video/mp4', 'Content-Length': '34082855', 'Connection': 'keep-alive', 'Last-Modified': 'Thu, 22 Jun 2023 10:01:02 GMT', 'x-amz-server-side-encryption': 'AES256', 'Accept-Ranges': 'bytes', 'Server': 'AmazonS3', 'Date': 'Thu, 22 Jun 2023 13:36:22 GMT', 'ETag': '""8ac8aa3c5414053de61f649fe776b0db-3""', 'Vary': 'Accept-Encoding', 'X-Cache': 'RefreshHit from cloudfront', 'Via': '1.1 4aab94d467900146bd910265f6087b8e.cloudfront.net (CloudFront)', 'X-Amz-Cf-Pop': 'ZRH55-P1', 'X-Amz-Cf-Id': 'FjptlOPPF9XVVmc42GzK7J7sevOmte0wHbEBdKp7kwsbbHWZxQvyjA=='}"
22-06-2023_15:36:33:330194,18.165.185.221,668.798, , , ,video/mp4,34082855,keep-alive,"Thu, 22 Jun 2023 13:36:34 GMT","Thu, 22 Jun 2023 10:01:02 GMT","""8ac8aa3c5414053de61f649fe776b0db-3""", ,AES256, , , ,bytes,AmazonS3, , , , ,RefreshHit from cloudfront,1.1 fec5e83bcae9ab1295b776b3f64183d0.cloudfront.net (CloudFront),ZRH55-P1,nQPC2R40_vh6QzqRcCcoyZqc9MY-VVAIL3J4W60PY7RWQVAgUG-3Uw==, ,https://d36mvgiamk5bf0.cloudfront.net/myvideo-california.mp4,my content hosted on CloudFront,"{'Content-Type': 'video/mp4', 'Content-Length': '34082855', 'Connection': 'keep-alive', 'Last-Modified': 'Thu, 22 Jun 2023 10:01:02 GMT', 'x-amz-server-side-encryption': 'AES256', 'Accept-Ranges': 'bytes', 'Server': 'AmazonS3', 'Date': 'Thu, 22 Jun 2023 13:36:34 GMT', 'ETag': '""8ac8aa3c5414053de61f649fe776b0db-3""', 'Vary': 'Accept-Encoding', 'X-Cache': 'RefreshHit from cloudfront', 'Via': '1.1 fec5e83bcae9ab1295b776b3f64183d0.cloudfront.net (CloudFront)', 'X-Amz-Cf-Pop': 'ZRH55-P1', 'X-Amz-Cf-Id': 'nQPC2R40_vh6QzqRcCcoyZqc9MY-VVAIL3J4W60PY7RWQVAgUG-3Uw=='}"
22-06-2023_15:36:46:011336,18.165.185.221,692.655, , , ,video/mp4,34082855,keep-alive,"Thu, 22 Jun 2023 13:36:47 GMT","Thu, 22 Jun 2023 10:01:02 GMT","""8ac8aa3c5414053de61f649fe776b0db-3""", ,AES256, , , ,bytes,AmazonS3, , , , ,RefreshHit from cloudfront,1.1 099d4ba9ace3ae96fa2a16ccfeeac6ec.cloudfront.net (CloudFront),ZRH55-P1,IoneVzT3n0Aee_0N3M3w0TZCNt52G1-ETppVQZKJ03wUICchQuqeow==, ,https://d36mvgiamk5bf0.cloudfront.net/myvideo-california.mp4,my content hosted on CloudFront,"{'Content-Type': 'video/mp4', 'Content-Length': '34082855', 'Connection': 'keep-alive', 'Last-Modified': 'Thu, 22 Jun 2023 10:01:02 GMT', 'x-amz-server-side-encryption': 'AES256', 'Accept-Ranges': 'bytes', 'Server': 'AmazonS3', 'Date': 'Thu, 22 Jun 2023 13:36:47 GMT', 'ETag': '""8ac8aa3c5414053de61f649fe776b0db-3""', 'Vary': 'Accept-Encoding', 'X-Cache': 'RefreshHit from cloudfront', 'Via': '1.1 099d4ba9ace3ae96fa2a16ccfeeac6ec.cloudfront.net (CloudFront)', 'X-Amz-Cf-Pop': 'ZRH55-P1', 'X-Amz-Cf-Id': 'IoneVzT3n0Aee_0N3M3w0TZCNt52G1-ETppVQZKJ03wUICchQuqeow=='}"
22-06-2023_15:36:58:722386,18.165.185.67,700.321, , , ,video/mp4,34082855,keep-alive,"Thu, 22 Jun 2023 13:37:00 GMT","Thu, 22 Jun 2023 10:01:02 GMT","""8ac8aa3c5414053de61f649fe776b0db-3""", ,AES256, , , ,bytes,AmazonS3, , , , ,RefreshHit from cloudfront,1.1 ca6974974a9175b71fb6a84145111ed2.cloudfront.net (CloudFront),ZRH55-P1,qIGjCDKeENp4f_bXajpLF_LYm29O5IB4ufhMjAne_abBUH_Y5YgsDA==, ,https://d36mvgiamk5bf0.cloudfront.net/myvideo-california.mp4,my content hosted on CloudFront,"{'Content-Type': 'video/mp4', 'Content-Length': '34082855', 'Connection': 'keep-alive', 'Last-Modified': 'Thu, 22 Jun 2023 10:01:02 GMT', 'x-amz-server-side-encryption': 'AES256', 'Accept-Ranges': 'bytes', 'Server': 'AmazonS3', 'Date': 'Thu, 22 Jun 2023 13:37:00 GMT', 'ETag': '""8ac8aa3c5414053de61f649fe776b0db-3""', 'Vary': 'Accept-Encoding', 'X-Cache': 'RefreshHit from cloudfront', 'Via': '1.1 ca6974974a9175b71fb6a84145111ed2.cloudfront.net (CloudFront)', 'X-Amz-Cf-Pop': 'ZRH55-P1', 'X-Amz-Cf-Id': 'qIGjCDKeENp4f_bXajpLF_LYm29O5IB4ufhMjAne_abBUH_Y5YgsDA=='}"
22-06-2023_15:37:11:478747,18.165.185.67,672.4630000000001, , , ,video/mp4,34082855,keep-alive,"Thu, 22 Jun 2023 13:37:13 GMT","Thu, 22 Jun 2023 10:01:02 GMT","""8ac8aa3c5414053de61f649fe776b0db-3""", ,AES256, , , ,bytes,AmazonS3, , , , ,RefreshHit from cloudfront,1.1 3d994808da6a9ce8c9e7b1364fa689ea.cloudfront.net (CloudFront),ZRH55-P1,M1qBz8lJAfxD0GMNS3pMFxNW0xBX5eW6C5OHYB1yaayFbASOp6z2yA==, ,https://d36mvgiamk5bf0.cloudfront.net/myvideo-california.mp4,my content hosted on CloudFront,"{'Content-Type': 'video/mp4', 'Content-Length': '34082855', 'Connection': 'keep-alive', 'Last-Modified': 'Thu, 22 Jun 2023 10:01:02 GMT', 'x-amz-server-side-encryption': 'AES256', 'Accept-Ranges': 'bytes', 'Server': 'AmazonS3', 'Date': 'Thu, 22 Jun 2023 13:37:13 GMT', 'ETag': '""8ac8aa3c5414053de61f649fe776b0db-3""', 'Vary': 'Accept-Encoding', 'X-Cache': 'RefreshHit from cloudfront', 'Via': '1.1 3d994808da6a9ce8c9e7b1364fa689ea.cloudfront.net (CloudFront)', 'X-Amz-Cf-Pop': 'ZRH55-P1', 'X-Amz-Cf-Id': 'M1qBz8lJAfxD0GMNS3pMFxNW0xBX5eW6C5OHYB1yaayFbASOp6z2yA=='}"
22-06-2023_15:37:24:163801,18.165.185.67,711.609, , , ,video/mp4,34082855,keep-alive,"Thu, 22 Jun 2023 13:37:25 GMT","Thu, 22 Jun 2023 10:01:02 GMT","""8ac8aa3c5414053de61f649fe776b0db-3""", ,AES256, , , ,bytes,AmazonS3, , , , ,RefreshHit from cloudfront,1.1 fa2f998214db1c6c6bdb96ceff3ce5d8.cloudfront.net (CloudFront),ZRH55-P1,vT0t3mesjG6Y6L2y6AINTymlKOlCrCyfLyWcnzo6G-tedO2APhURNA==, ,https://d36mvgiamk5bf0.cloudfront.net/myvideo-california.mp4,my content hosted on CloudFront,"{'Content-Type': 'video/mp4', 'Content-Length': '34082855', 'Connection': 'keep-alive', 'Last-Modified': 'Thu, 22 Jun 2023 10:01:02 GMT', 'x-amz-server-side-encryption': 'AES256', 'Accept-Ranges': 'bytes', 'Server': 'AmazonS3', 'Date': 'Thu, 22 Jun 2023 13:37:25 GMT', 'ETag': '""8ac8aa3c5414053de61f649fe776b0db-3""', 'Vary': 'Accept-Encoding', 'X-Cache': 'RefreshHit from cloudfront', 'Via': '1.1 fa2f998214db1c6c6bdb96ceff3ce5d8.cloudfront.net (CloudFront)', 'X-Amz-Cf-Pop': 'ZRH55-P1', 'X-Amz-Cf-Id': 'vT0t3mesjG6Y6L2y6AINTymlKOlCrCyfLyWcnzo6G-tedO2APhURNA=='}"
22-06-2023_15:37:36:895881,18.165.185.67,666.799, , , ,video/mp4,34082855,keep-alive,"Thu, 22 Jun 2023 13:37:38 GMT","Thu, 22 Jun 2023 10:01:02 GMT","""8ac8aa3c5414053de61f649fe776b0db-3""", ,AES256, , , ,bytes,AmazonS3, , , , ,RefreshHit from cloudfront,1.1 9defe0d67603d45217a1199d0f877384.cloudfront.net (CloudFront),ZRH55-P1,n5Sp0DRqgMiNUTOA3Jxgx0Kq37MvIuOJwe1NZ2QHbL3V4dUIZkA_2Q==, ,https://d36mvgiamk5bf0.cloudfront.net/myvideo-california.mp4,my content hosted on CloudFront,"{'Content-Type': 'video/mp4', 'Content-Length': '34082855', 'Connection': 'keep-alive', 'Last-Modified': 'Thu, 22 Jun 2023 10:01:02 GMT', 'x-amz-server-side-encryption': 'AES256', 'Accept-Ranges': 'bytes', 'Server': 'AmazonS3', 'Date': 'Thu, 22 Jun 2023 13:37:38 GMT', 'ETag': '""8ac8aa3c5414053de61f649fe776b0db-3""', 'Vary': 'Accept-Encoding', 'X-Cache': 'RefreshHit from cloudfront', 'Via': '1.1 9defe0d67603d45217a1199d0f877384.cloudfront.net (CloudFront)', 'X-Amz-Cf-Pop': 'ZRH55-P1', 'X-Amz-Cf-Id': 'n5Sp0DRqgMiNUTOA3Jxgx0Kq37MvIuOJwe1NZ2QHbL3V4dUIZkA_2Q=='}"
22-06-2023_15:37:49:577348,18.165.185.67,717.0609999999999, , , ,video/mp4,34082855,keep-alive,"Thu, 22 Jun 2023 13:37:51 GMT","Thu, 22 Jun 2023 10:01:02 GMT","""8ac8aa3c5414053de61f649fe776b0db-3""", ,AES256, , , ,bytes,AmazonS3, , , , ,RefreshHit from cloudfront,1.1 f6d3d027dc70c7291c2f685efb187ab2.cloudfront.net (CloudFront),ZRH55-P1,-FVIVRKmXsTEqq2hcDstRubjMppNDqvyeqPCqVgseOlrqnhWQHoo4w==, ,https://d36mvgiamk5bf0.cloudfront.net/myvideo-california.mp4,my content hosted on CloudFront,"{'Content-Type': 'video/mp4', 'Content-Length': '34082855', 'Connection': 'keep-alive', 'Last-Modified': 'Thu, 22 Jun 2023 10:01:02 GMT', 'x-amz-server-side-encryption': 'AES256', 'Accept-Ranges': 'bytes', 'Server': 'AmazonS3', 'Date': 'Thu, 22 Jun 2023 13:37:51 GMT', 'ETag': '""8ac8aa3c5414053de61f649fe776b0db-3""', 'Vary': 'Accept-Encoding', 'X-Cache': 'RefreshHit from cloudfront', 'Via': '1.1 f6d3d027dc70c7291c2f685efb187ab2.cloudfront.net (CloudFront)', 'X-Amz-Cf-Pop': 'ZRH55-P1', 'X-Amz-Cf-Id': '-FVIVRKmXsTEqq2hcDstRubjMppNDqvyeqPCqVgseOlrqnhWQHoo4w=='}"
22-06-2023_15:38:02:309296,18.165.185.67,710.9259999999999, , , ,video/mp4,34082855,keep-alive,"Thu, 22 Jun 2023 13:38:03 GMT","Thu, 22 Jun 2023 10:01:02 GMT","""8ac8aa3c5414053de61f649fe776b0db-3""", ,AES256, , , ,bytes,AmazonS3, , , , ,RefreshHit from cloudfront,1.1 478446fb4d72a1fd99b9a7a5157265f4.cloudfront.net (CloudFront),ZRH55-P1,xGzDetKffJMbkwWfB0I1kdq1Au2NvcPDWtZ2HBp52mVwxeJwAwnDuw==, ,https://d36mvgiamk5bf0.cloudfront.net/myvideo-california.mp4,my content hosted on CloudFront,"{'Content-Type': 'video/mp4', 'Content-Length': '34082855', 'Connection': 'keep-alive', 'Last-Modified': 'Thu, 22 Jun 2023 10:01:02 GMT', 'x-amz-server-side-encryption': 'AES256', 'Accept-Ranges': 'bytes', 'Server': 'AmazonS3', 'Date': 'Thu, 22 Jun 2023 13:38:03 GMT', 'ETag': '""8ac8aa3c5414053de61f649fe776b0db-3""', 'Vary': 'Accept-Encoding', 'X-Cache': 'RefreshHit from cloudfront', 'Via': '1.1 478446fb4d72a1fd99b9a7a5157265f4.cloudfront.net (CloudFront)', 'X-Amz-Cf-Pop': 'ZRH55-P1', 'X-Amz-Cf-Id': 'xGzDetKffJMbkwWfB0I1kdq1Au2NvcPDWtZ2HBp52mVwxeJwAwnDuw=='}"
22-06-2023_15:38:15:034078,18.165.185.67,669.969, , , ,video/mp4,34082855,keep-alive,"Thu, 22 Jun 2023 13:38:16 GMT","Thu, 22 Jun 2023 10:01:02 GMT","""8ac8aa3c5414053de61f649fe776b0db-3""", ,AES256, , , ,bytes,AmazonS3, , , , ,RefreshHit from cloudfront,1.1 e042bf1e56617a2fbe098f111a30b514.cloudfront.net (CloudFront),ZRH55-P1,hh5IgFLTKuf0vRom-5dbc2yHwps8MyhHZd6Fkyl2sw3UVTu9ZSvNkA==, ,https://d36mvgiamk5bf0.cloudfront.net/myvideo-california.mp4,my content hosted on CloudFront,"{'Content-Type': 'video/mp4', 'Content-Length': '34082855', 'Connection': 'keep-alive', 'Last-Modified': 'Thu, 22 Jun 2023 10:01:02 GMT', 'x-amz-server-side-encryption': 'AES256', 'Accept-Ranges': 'bytes', 'Server': 'AmazonS3', 'Date': 'Thu, 22 Jun 2023 13:38:16 GMT', 'ETag': '""8ac8aa3c5414053de61f649fe776b0db-3""', 'Vary': 'Accept-Encoding', 'X-Cache': 'RefreshHit from cloudfront', 'Via': '1.1 e042bf1e56617a2fbe098f111a30b514.cloudfront.net (CloudFront)', 'X-Amz-Cf-Pop': 'ZRH55-P1', 'X-Amz-Cf-Id': 'hh5IgFLTKuf0vRom-5dbc2yHwps8MyhHZd6Fkyl2sw3UVTu9ZSvNkA=='}"
22-06-2023_15:38:27:722416,18.165.185.125,690.954, , , ,video/mp4,34082855,keep-alive,"Thu, 22 Jun 2023 13:38:29 GMT","Thu, 22 Jun 2023 10:01:02 GMT","""8ac8aa3c5414053de61f649fe776b0db-3""", ,AES256, , , ,bytes,AmazonS3, , , , ,RefreshHit from cloudfront,1.1 cb0d3a2bdc5300e2d139e111e94efe5a.cloudfront.net (CloudFront),ZRH55-P1,GJvOhAsSnMPtyQowKUMKG4pQuOK9SxxvfXSCzLBcX85PlcUiKvHbyA==, ,https://d36mvgiamk5bf0.cloudfront.net/myvideo-california.mp4,my content hosted on CloudFront,"{'Content-Type': 'video/mp4', 'Content-Length': '34082855', 'Connection': 'keep-alive', 'Last-Modified': 'Thu, 22 Jun 2023 10:01:02 GMT', 'x-amz-server-side-encryption': 'AES256', 'Accept-Ranges': 'bytes', 'Server': 'AmazonS3', 'Date': 'Thu, 22 Jun 2023 13:38:29 GMT', 'ETag': '""8ac8aa3c5414053de61f649fe776b0db-3""', 'Vary': 'Accept-Encoding', 'X-Cache': 'RefreshHit from cloudfront', 'Via': '1.1 cb0d3a2bdc5300e2d139e111e94efe5a.cloudfront.net (CloudFront)', 'X-Amz-Cf-Pop': 'ZRH55-P1', 'X-Amz-Cf-Id': 'GJvOhAsSnMPtyQowKUMKG4pQuOK9SxxvfXSCzLBcX85PlcUiKvHbyA=='}"
22-06-2023_15:38:40:428644,18.165.185.125,693.289, , , ,video/mp4,34082855,keep-alive,"Thu, 22 Jun 2023 13:38:42 GMT","Thu, 22 Jun 2023 10:01:02 GMT","""8ac8aa3c5414053de61f649fe776b0db-3""", ,AES256, , , ,bytes,AmazonS3, , , , ,RefreshHit from cloudfront,1.1 a9717fb92179a05f5da85fabc586e750.cloudfront.net (CloudFront),ZRH55-P1,k598OvKcoQbdstul4Sf6gWPxdXKPVDhTEBL_iL_ZZLDCleRMGUECtw==, ,https://d36mvgiamk5bf0.cloudfront.net/myvideo-california.mp4,my content hosted on CloudFront,"{'Content-Type': 'video/mp4', 'Content-Length': '34082855', 'Connection': 'keep-alive', 'Last-Modified': 'Thu, 22 Jun 2023 10:01:02 GMT', 'x-amz-server-side-encryption': 'AES256', 'Accept-Ranges': 'bytes', 'Server': 'AmazonS3', 'Date': 'Thu, 22 Jun 2023 13:38:42 GMT', 'ETag': '""8ac8aa3c5414053de61f649fe776b0db-3""', 'Vary': 'Accept-Encoding', 'X-Cache': 'RefreshHit from cloudfront', 'Via': '1.1 a9717fb92179a05f5da85fabc586e750.cloudfront.net (CloudFront)', 'X-Amz-Cf-Pop': 'ZRH55-P1', 'X-Amz-Cf-Id': 'k598OvKcoQbdstul4Sf6gWPxdXKPVDhTEBL_iL_ZZLDCleRMGUECtw=='}"
22-06-2023_15:38:53:135481,18.165.185.125,670.677, , , ,video/mp4,34082855,keep-alive,"Thu, 22 Jun 2023 13:38:54 GMT","Thu, 22 Jun 2023 10:01:02 GMT","""8ac8aa3c5414053de61f649fe776b0db-3""", ,AES256, , , ,bytes,AmazonS3, , , , ,RefreshHit from cloudfront,1.1 fec5e83bcae9ab1295b776b3f64183d0.cloudfront.net (CloudFront),ZRH55-P1,8S8ruUrZ32lrJJxdkDqr0Mjr7BwpPar-9S3L66hMx7UM6k5yp8x4jg==, ,https://d36mvgiamk5bf0.cloudfront.net/myvideo-california.mp4,my content hosted on CloudFront,"{'Content-Type': 'video/mp4', 'Content-Length': '34082855', 'Connection': 'keep-alive', 'Last-Modified': 'Thu, 22 Jun 2023 10:01:02 GMT', 'x-amz-server-side-encryption': 'AES256', 'Accept-Ranges': 'bytes', 'Server': 'AmazonS3', 'Date': 'Thu, 22 Jun 2023 13:38:54 GMT', 'ETag': '""8ac8aa3c5414053de61f649fe776b0db-3""', 'Vary': 'Accept-Encoding', 'X-Cache': 'RefreshHit from cloudfront', 'Via': '1.1 fec5e83bcae9ab1295b776b3f64183d0.cloudfront.net (CloudFront)', 'X-Amz-Cf-Pop': 'ZRH55-P1', 'X-Amz-Cf-Id': '8S8ruUrZ32lrJJxdkDqr0Mjr7BwpPar-9S3L66hMx7UM6k5yp8x4jg=='}"
22-06-2023_15:39:05:815534,18.165.185.125,665.706, , , ,video/mp4,34082855,keep-alive,"Thu, 22 Jun 2023 13:39:07 GMT","Thu, 22 Jun 2023 10:01:02 GMT","""8ac8aa3c5414053de61f649fe776b0db-3""", ,AES256, , , ,bytes,AmazonS3, , , , ,RefreshHit from cloudfront,1.1 c7311454ce938e04f3523616a5b033da.cloudfront.net (CloudFront),ZRH55-P1,RgWCOrDSflMKl8sB6lIMsm5brJ7sdEM6H1YQGZgSfCF8w15o6H_-Cw==, ,https://d36mvgiamk5bf0.cloudfront.net/myvideo-california.mp4,my content hosted on CloudFront,"{'Content-Type': 'video/mp4', 'Content-Length': '34082855', 'Connection': 'keep-alive', 'Last-Modified': 'Thu, 22 Jun 2023 10:01:02 GMT', 'x-amz-server-side-encryption': 'AES256', 'Accept-Ranges': 'bytes', 'Server': 'AmazonS3', 'Date': 'Thu, 22 Jun 2023 13:39:07 GMT', 'ETag': '""8ac8aa3c5414053de61f649fe776b0db-3""', 'Vary': 'Accept-Encoding', 'X-Cache': 'RefreshHit from cloudfront', 'Via': '1.1 c7311454ce938e04f3523616a5b033da.cloudfront.net (CloudFront)', 'X-Amz-Cf-Pop': 'ZRH55-P1', 'X-Amz-Cf-Id': 'RgWCOrDSflMKl8sB6lIMsm5brJ7sdEM6H1YQGZgSfCF8w15o6H_-Cw=='}"
22-06-2023_15:39:18:495002,18.165.185.125,682.5989999999999, , , ,video/mp4,34082855,keep-alive,"Thu, 22 Jun 2023 13:39:20 GMT","Thu, 22 Jun 2023 10:01:02 GMT","""8ac8aa3c5414053de61f649fe776b0db-3""", ,AES256, , , ,bytes,AmazonS3, , , , ,RefreshHit from cloudfront,1.1 179ba4c3ce59451c080c2ed7517bcb96.cloudfront.net (CloudFront),ZRH55-P1,C98QXpckfYXP05pzI6gjVAy0kfdW7bES9_z5xzi-9saisJ_l_Vybjg==, ,https://d36mvgiamk5bf0.cloudfront.net/myvideo-california.mp4,my content hosted on CloudFront,"{'Content-Type': 'video/mp4', 'Content-Length': '34082855', 'Connection': 'keep-alive', 'Last-Modified': 'Thu, 22 Jun 2023 10:01:02 GMT', 'x-amz-server-side-encryption': 'AES256', 'Accept-Ranges': 'bytes', 'Server': 'AmazonS3', 'Date': 'Thu, 22 Jun 2023 13:39:20 GMT', 'ETag': '""8ac8aa3c5414053de61f649fe776b0db-3""', 'Vary': 'Accept-Encoding', 'X-Cache': 'RefreshHit from cloudfront', 'Via': '1.1 179ba4c3ce59451c080c2ed7517bcb96.cloudfront.net (CloudFront)', 'X-Amz-Cf-Pop': 'ZRH55-P1', 'X-Amz-Cf-Id': 'C98QXpckfYXP05pzI6gjVAy0kfdW7bES9_z5xzi-9saisJ_l_Vybjg=='}"
22-06-2023_15:39:31:189900,18.165.185.125,670.129, , , ,video/mp4,34082855,keep-alive,"Thu, 22 Jun 2023 13:39:32 GMT","Thu, 22 Jun 2023 10:01:02 GMT","""8ac8aa3c5414053de61f649fe776b0db-3""", ,AES256, , , ,bytes,AmazonS3, , , , ,RefreshHit from cloudfront,1.1 6678c1810851ff197cbe3fe4c41e86a6.cloudfront.net (CloudFront),ZRH55-P1,-VQYO5AZWnI0kxPvXs9UTEff3n3dbTfnjtwfjE1PVxKGiO6rDU0C2Q==, ,https://d36mvgiamk5bf0.cloudfront.net/myvideo-california.mp4,my content hosted on CloudFront,"{'Content-Type': 'video/mp4', 'Content-Length': '34082855', 'Connection': 'keep-alive', 'Last-Modified': 'Thu, 22 Jun 2023 10:01:02 GMT', 'x-amz-server-side-encryption': 'AES256', 'Accept-Ranges': 'bytes', 'Server': 'AmazonS3', 'Date': 'Thu, 22 Jun 2023 13:39:32 GMT', 'ETag': '""8ac8aa3c5414053de61f649fe776b0db-3""', 'Vary': 'Accept-Encoding', 'X-Cache': 'RefreshHit from cloudfront', 'Via': '1.1 6678c1810851ff197cbe3fe4c41e86a6.cloudfront.net (CloudFront)', 'X-Amz-Cf-Pop': 'ZRH55-P1', 'X-Amz-Cf-Id': '-VQYO5AZWnI0kxPvXs9UTEff3n3dbTfnjtwfjE1PVxKGiO6rDU0C2Q=='}"
22-06-2023_15:39:43:873275,18.165.185.221,666.582, , , ,video/mp4,34082855,keep-alive,"Thu, 22 Jun 2023 13:39:45 GMT","Thu, 22 Jun 2023 10:01:02 GMT","""8ac8aa3c5414053de61f649fe776b0db-3""", ,AES256, , , ,bytes,AmazonS3, , , , ,RefreshHit from cloudfront,1.1 4aab94d467900146bd910265f6087b8e.cloudfront.net (CloudFront),ZRH55-P1,sGc3_HxoTlfjT6hoopXPCkMqr-NtSX0FYdeG4qpu_08V2MXOKWhXXw==, ,https://d36mvgiamk5bf0.cloudfront.net/myvideo-california.mp4,my content hosted on CloudFront,"{'Content-Type': 'video/mp4', 'Content-Length': '34082855', 'Connection': 'keep-alive', 'Last-Modified': 'Thu, 22 Jun 2023 10:01:02 GMT', 'x-amz-server-side-encryption': 'AES256', 'Accept-Ranges': 'bytes', 'Server': 'AmazonS3', 'Date': 'Thu, 22 Jun 2023 13:39:45 GMT', 'ETag': '""8ac8aa3c5414053de61f649fe776b0db-3""', 'Vary': 'Accept-Encoding', 'X-Cache': 'RefreshHit from cloudfront', 'Via': '1.1 4aab94d467900146bd910265f6087b8e.cloudfront.net (CloudFront)', 'X-Amz-Cf-Pop': 'ZRH55-P1', 'X-Amz-Cf-Id': 'sGc3_HxoTlfjT6hoopXPCkMqr-NtSX0FYdeG4qpu_08V2MXOKWhXXw=='}"
22-06-2023_15:39:56:552056,18.165.185.221,654.4029999999999, , , ,video/mp4,34082855,keep-alive,"Thu, 22 Jun 2023 13:39:58 GMT","Thu, 22 Jun 2023 10:01:02 GMT","""8ac8aa3c5414053de61f649fe776b0db-3""", ,AES256, , , ,bytes,AmazonS3, , , , ,RefreshHit from cloudfront,1.1 ff571229df9f46b01b0e434bcb36f9e6.cloudfront.net (CloudFront),ZRH55-P1,CjzCUwdt5nGxEWuyYCLXxrJFGcnKShGJddCEOOESLCSQkf59MYkvag==, ,https://d36mvgiamk5bf0.cloudfront.net/myvideo-california.mp4,my content hosted on CloudFront,"{'Content-Type': 'video/mp4', 'Content-Length': '34082855', 'Connection': 'keep-alive', 'Last-Modified': 'Thu, 22 Jun 2023 10:01:02 GMT', 'x-amz-server-side-encryption': 'AES256', 'Accept-Ranges': 'bytes', 'Server': 'AmazonS3', 'Date': 'Thu, 22 Jun 2023 13:39:58 GMT', 'ETag': '""8ac8aa3c5414053de61f649fe776b0db-3""', 'Vary': 'Accept-Encoding', 'X-Cache': 'RefreshHit from cloudfront', 'Via': '1.1 ff571229df9f46b01b0e434bcb36f9e6.cloudfront.net (CloudFront)', 'X-Amz-Cf-Pop': 'ZRH55-P1', 'X-Amz-Cf-Id': 'CjzCUwdt5nGxEWuyYCLXxrJFGcnKShGJddCEOOESLCSQkf59MYkvag=='}"
22-06-2023_15:40:09:222947,18.165.185.221,673.945, , , ,video/mp4,34082855,keep-alive,"Thu, 22 Jun 2023 13:40:10 GMT","Thu, 22 Jun 2023 10:01:02 GMT","""8ac8aa3c5414053de61f649fe776b0db-3""", ,AES256, , , ,bytes,AmazonS3, , , , ,RefreshHit from cloudfront,1.1 4aab94d467900146bd910265f6087b8e.cloudfront.net (CloudFront),ZRH55-P1,E5SOXI6NduKV-RLr80-bx5I73XyBAHW4hT-7srt9_s1yOSrhS_vX0g==, ,https://d36mvgiamk5bf0.cloudfront.net/myvideo-california.mp4,my content hosted on CloudFront,"{'Content-Type': 'video/mp4', 'Content-Length': '34082855', 'Connection': 'keep-alive', 'Last-Modified': 'Thu, 22 Jun 2023 10:01:02 GMT', 'x-amz-server-side-encryption': 'AES256', 'Accept-Ranges': 'bytes', 'Server': 'AmazonS3', 'Date': 'Thu, 22 Jun 2023 13:40:10 GMT', 'ETag': '""8ac8aa3c5414053de61f649fe776b0db-3""', 'Vary': 'Accept-Encoding', 'X-Cache': 'RefreshHit from cloudfront', 'Via': '1.1 4aab94d467900146bd910265f6087b8e.cloudfront.net (CloudFront)', 'X-Amz-Cf-Pop': 'ZRH55-P1', 'X-Amz-Cf-Id': 'E5SOXI6NduKV-RLr80-bx5I73XyBAHW4hT-7srt9_s1yOSrhS_vX0g=='}"
