timestamp(dd-mm-yyyy hh:mm:ss:ms),responseIP,latency(ms),traceroute_ips,traceroute_hnames,hop count,Content-Type,Content-Length,Connection,Date,Last-Modified,ETag,x-amz-storage-class,x-amz-server-side-encryption,x-amz-meta-dv-checksum-sha-1,x-amz-meta-dv-checksum-md5,x-amz-meta-dv-checksum-sha-256,Accept-Ranges,Server,X-Server-IP,X-Server-IP_hops,X-Server-IP_hnames,X-Server-IP_hopcount,X-Cache,Via,X-Amz-Cf-Pop,X-Amz-Cf-Id,Age,url,info,reasponseHeaders
22-06-2023_15:30:14:950514,18.165.185.163,30.511, , , ,video/mp4,34082855,keep-alive,"Thu, 22 Jun 2023 13:30:11 GMT","Thu, 22 Jun 2023 10:01:02 GMT","""8ac8aa3c5414053de61f649fe776b0db-3""", ,AES256, , , ,bytes,AmazonS3, , , , ,Hit from cloudfront,1.1 df9ce120cad525bdb160f75cd7b807c2.cloudfront.net (CloudFront),ZRH55-P1,4F4n2l7_kV1To_5BMIkB945Zlupvlj_4pDOTdpdFFsc4Be501MCGwA==,5,https://d2ujgmo1oihwsm.cloudfront.net/myvideo-california.mp4,my content hosted on CloudFront,"{'Content-Type': 'video/mp4', 'Content-Length': '34082855', 'Connection': 'keep-alive', 'Last-Modified': 'Thu, 22 Jun 2023 10:01:02 GMT', 'x-amz-server-side-encryption': 'AES256', 'Accept-Ranges': 'bytes', 'Server': 'AmazonS3', 'Date': 'Thu, 22 Jun 2023 13:30:11 GMT', 'ETag': '""8ac8aa3c5414053de61f649fe776b0db-3""', 'Vary': 'Accept-Encoding', 'X-Cache': 'Hit from cloudfront', 'Via': '1.1 df9ce120cad525bdb160f75cd7b807c2.cloudfront.net (CloudFront)', 'X-Amz-Cf-Pop': 'ZRH55-P1', 'X-Amz-Cf-Id': '4F4n2l7_kV1To_5BMIkB945Zlupvlj_4pDOTdpdFFsc4Be501MCGwA==', 'Age': '5'}"
22-06-2023_15:30:25:001683,18.165.185.163,711.186, , , ,video/mp4,34082855,keep-alive,"Thu, 22 Jun 2023 13:30:26 GMT","Thu, 22 Jun 2023 10:01:02 GMT","""8ac8aa3c5414053de61f649fe776b0db-3""", ,AES256, , , ,bytes,AmazonS3, , , , ,RefreshHit from cloudfront,1.1 aca4cfc16ad0f84e78738cc400bfb7f4.cloudfront.net (CloudFront),ZRH55-P1,ISSKOzQ8nc8u-P7Ae_UYmDgl-aJizbAJ_RTh1fDmP_IZ4Jj5KxZNcA==, ,https://d2ujgmo1oihwsm.cloudfront.net/myvideo-california.mp4,my content hosted on CloudFront,"{'Content-Type': 'video/mp4', 'Content-Length': '34082855', 'Connection': 'keep-alive', 'Last-Modified': 'Thu, 22 Jun 2023 10:01:02 GMT', 'x-amz-server-side-encryption': 'AES256', 'Accept-Ranges': 'bytes', 'Server': 'AmazonS3', 'Date': 'Thu, 22 Jun 2023 13:30:26 GMT', 'ETag': '""8ac8aa3c5414053de61f649fe776b0db-3""', 'Vary': 'Accept-Encoding', 'X-Cache': 'RefreshHit from cloudfront', 'Via': '1.1 aca4cfc16ad0f84e78738cc400bfb7f4.cloudfront.net (CloudFront)', 'X-Amz-Cf-Pop': 'ZRH55-P1', 'X-Amz-Cf-Id': 'ISSKOzQ8nc8u-P7Ae_UYmDgl-aJizbAJ_RTh1fDmP_IZ4Jj5KxZNcA=='}"
22-06-2023_15:30:35:728987,18.165.185.183,713.01, , , ,video/mp4,34082855,keep-alive,"Thu, 22 Jun 2023 13:30:37 GMT","Thu, 22 Jun 2023 10:01:02 GMT","""8ac8aa3c5414053de61f649fe776b0db-3""", ,AES256, , , ,bytes,AmazonS3, , , , ,RefreshHit from cloudfront,1.1 e042bf1e56617a2fbe098f111a30b514.cloudfront.net (CloudFront),ZRH55-P1,jQdLZI1XbcZhaY13KTvEgCn2gICUu0DXcWMr5n2ye2J_bHN49aIdww==, ,https://d2ujgmo1oihwsm.cloudfront.net/myvideo-california.mp4,my content hosted on CloudFront,"{'Content-Type': 'video/mp4', 'Content-Length': '34082855', 'Connection': 'keep-alive', 'Last-Modified': 'Thu, 22 Jun 2023 10:01:02 GMT', 'x-amz-server-side-encryption': 'AES256', 'Accept-Ranges': 'bytes', 'Server': 'AmazonS3', 'Date': 'Thu, 22 Jun 2023 13:30:37 GMT', 'ETag': '""8ac8aa3c5414053de61f649fe776b0db-3""', 'Vary': 'Accept-Encoding', 'X-Cache': 'RefreshHit from cloudfront', 'Via': '1.1 e042bf1e56617a2fbe098f111a30b514.cloudfront.net (CloudFront)', 'X-Amz-Cf-Pop': 'ZRH55-P1', 'X-Amz-Cf-Id': 'jQdLZI1XbcZhaY13KTvEgCn2gICUu0DXcWMr5n2ye2J_bHN49aIdww=='}"
22-06-2023_15:30:46:639385,18.165.185.183,715.11, , , ,video/mp4,34082855,keep-alive,"Thu, 22 Jun 2023 13:30:48 GMT","Thu, 22 Jun 2023 10:01:02 GMT","""8ac8aa3c5414053de61f649fe776b0db-3""", ,AES256, , , ,bytes,AmazonS3, , , , ,RefreshHit from cloudfront,1.1 179ba4c3ce59451c080c2ed7517bcb96.cloudfront.net (CloudFront),ZRH55-P1,fiuR4nmG7-PoNw7e4DMe-tB0z1ZfIJDJXsHIFz8xPRQZq9qaTHLkig==, ,https://d2ujgmo1oihwsm.cloudfront.net/myvideo-california.mp4,my content hosted on CloudFront,"{'Content-Type': 'video/mp4', 'Content-Length': '34082855', 'Connection': 'keep-alive', 'Last-Modified': 'Thu, 22 Jun 2023 10:01:02 GMT', 'x-amz-server-side-encryption': 'AES256', 'Accept-Ranges': 'bytes', 'Server': 'AmazonS3', 'Date': 'Thu, 22 Jun 2023 13:30:48 GMT', 'ETag': '""8ac8aa3c5414053de61f649fe776b0db-3""', 'Vary': 'Accept-Encoding', 'X-Cache': 'RefreshHit from cloudfront', 'Via': '1.1 179ba4c3ce59451c080c2ed7517bcb96.cloudfront.net (CloudFront)', 'X-Amz-Cf-Pop': 'ZRH55-P1', 'X-Amz-Cf-Id': 'fiuR4nmG7-PoNw7e4DMe-tB0z1ZfIJDJXsHIFz8xPRQZq9qaTHLkig=='}"
22-06-2023_15:30:57:366697,18.165.185.183,710.25, , , ,video/mp4,34082855,keep-alive,"Thu, 22 Jun 2023 13:30:59 GMT","Thu, 22 Jun 2023 10:01:02 GMT","""8ac8aa3c5414053de61f649fe776b0db-3""", ,AES256, , , ,bytes,AmazonS3, , , , ,RefreshHit from cloudfront,1.1 6ea1443d3dc39c2be7c23883fb0bd3e0.cloudfront.net (CloudFront),ZRH55-P1,0b49EhAzKxm68_vpTvqP7n0Uu1v0eDkhiNS0sXW-xakk0l4vohotSg==, ,https://d2ujgmo1oihwsm.cloudfront.net/myvideo-california.mp4,my content hosted on CloudFront,"{'Content-Type': 'video/mp4', 'Content-Length': '34082855', 'Connection': 'keep-alive', 'Last-Modified': 'Thu, 22 Jun 2023 10:01:02 GMT', 'x-amz-server-side-encryption': 'AES256', 'Accept-Ranges': 'bytes', 'Server': 'AmazonS3', 'Date': 'Thu, 22 Jun 2023 13:30:59 GMT', 'ETag': '""8ac8aa3c5414053de61f649fe776b0db-3""', 'Vary': 'Accept-Encoding', 'X-Cache': 'RefreshHit from cloudfront', 'Via': '1.1 6ea1443d3dc39c2be7c23883fb0bd3e0.cloudfront.net (CloudFront)', 'X-Amz-Cf-Pop': 'ZRH55-P1', 'X-Amz-Cf-Id': '0b49EhAzKxm68_vpTvqP7n0Uu1v0eDkhiNS0sXW-xakk0l4vohotSg=='}"
22-06-2023_15:31:08:113383,18.165.185.183,711.138, , , ,video/mp4,34082855,keep-alive,"Thu, 22 Jun 2023 13:31:09 GMT","Thu, 22 Jun 2023 10:01:02 GMT","""8ac8aa3c5414053de61f649fe776b0db-3""", ,AES256, , , ,bytes,AmazonS3, , , , ,RefreshHit from cloudfront,1.1 9f25aa45df27e50f380232059fde4c1a.cloudfront.net (CloudFront),ZRH55-P1,3sjYJ_Kmv67-jUQkhM_vtvYzm4iMHESnE61jWYyLT8blUwHxx-tv9g==, ,https://d2ujgmo1oihwsm.cloudfront.net/myvideo-california.mp4,my content hosted on CloudFront,"{'Content-Type': 'video/mp4', 'Content-Length': '34082855', 'Connection': 'keep-alive', 'Last-Modified': 'Thu, 22 Jun 2023 10:01:02 GMT', 'x-amz-server-side-encryption': 'AES256', 'Accept-Ranges': 'bytes', 'Server': 'AmazonS3', 'Date': 'Thu, 22 Jun 2023 13:31:09 GMT', 'ETag': '""8ac8aa3c5414053de61f649fe776b0db-3""', 'Vary': 'Accept-Encoding', 'X-Cache': 'RefreshHit from cloudfront', 'Via': '1.1 9f25aa45df27e50f380232059fde4c1a.cloudfront.net (CloudFront)', 'X-Amz-Cf-Pop': 'ZRH55-P1', 'X-Amz-Cf-Id': '3sjYJ_Kmv67-jUQkhM_vtvYzm4iMHESnE61jWYyLT8blUwHxx-tv9g=='}"
22-06-2023_15:31:18:839999,18.165.185.183,712.1560000000001, , , ,video/mp4,34082855,keep-alive,"Thu, 22 Jun 2023 13:31:20 GMT","Thu, 22 Jun 2023 10:01:02 GMT","""8ac8aa3c5414053de61f649fe776b0db-3""", ,AES256, , , ,bytes,AmazonS3, , , , ,RefreshHit from cloudfront,1.1 abd012b9637ad93b7c9aa82d2cfb262c.cloudfront.net (CloudFront),ZRH55-P1,5bKMiD0U4PKrspYgvtHbiEeMRy0PcLh2ZaoR6um_wGuUXqa5tdzBrQ==, ,https://d2ujgmo1oihwsm.cloudfront.net/myvideo-california.mp4,my content hosted on CloudFront,"{'Content-Type': 'video/mp4', 'Content-Length': '34082855', 'Connection': 'keep-alive', 'Last-Modified': 'Thu, 22 Jun 2023 10:01:02 GMT', 'x-amz-server-side-encryption': 'AES256', 'Accept-Ranges': 'bytes', 'Server': 'AmazonS3', 'Date': 'Thu, 22 Jun 2023 13:31:20 GMT', 'ETag': '""8ac8aa3c5414053de61f649fe776b0db-3""', 'Vary': 'Accept-Encoding', 'X-Cache': 'RefreshHit from cloudfront', 'Via': '1.1 abd012b9637ad93b7c9aa82d2cfb262c.cloudfront.net (CloudFront)', 'X-Amz-Cf-Pop': 'ZRH55-P1', 'X-Amz-Cf-Id': '5bKMiD0U4PKrspYgvtHbiEeMRy0PcLh2ZaoR6um_wGuUXqa5tdzBrQ=='}"
22-06-2023_15:31:29:587672,18.165.185.183,713.153, , , ,video/mp4,34082855,keep-alive,"Thu, 22 Jun 2023 13:31:31 GMT","Thu, 22 Jun 2023 10:01:02 GMT","""8ac8aa3c5414053de61f649fe776b0db-3""", ,AES256, , , ,bytes,AmazonS3, , , , ,RefreshHit from cloudfront,1.1 9defe0d67603d45217a1199d0f877384.cloudfront.net (CloudFront),ZRH55-P1,Uw9KqnrWmfY26cDYA3163DjdZsEdTMdtO2CS8xHdDkoxdDx54mwbUg==, ,https://d2ujgmo1oihwsm.cloudfront.net/myvideo-california.mp4,my content hosted on CloudFront,"{'Content-Type': 'video/mp4', 'Content-Length': '34082855', 'Connection': 'keep-alive', 'Last-Modified': 'Thu, 22 Jun 2023 10:01:02 GMT', 'x-amz-server-side-encryption': 'AES256', 'Accept-Ranges': 'bytes', 'Server': 'AmazonS3', 'Date': 'Thu, 22 Jun 2023 13:31:31 GMT', 'ETag': '""8ac8aa3c5414053de61f649fe776b0db-3""', 'Vary': 'Accept-Encoding', 'X-Cache': 'RefreshHit from cloudfront', 'Via': '1.1 9defe0d67603d45217a1199d0f877384.cloudfront.net (CloudFront)', 'X-Amz-Cf-Pop': 'ZRH55-P1', 'X-Amz-Cf-Id': 'Uw9KqnrWmfY26cDYA3163DjdZsEdTMdtO2CS8xHdDkoxdDx54mwbUg=='}"
22-06-2023_15:31:40:312406,18.165.185.183,705.725, , , ,video/mp4,34082855,keep-alive,"Thu, 22 Jun 2023 13:31:41 GMT","Thu, 22 Jun 2023 10:01:02 GMT","""8ac8aa3c5414053de61f649fe776b0db-3""", ,AES256, , , ,bytes,AmazonS3, , , , ,RefreshHit from cloudfront,1.1 ff571229df9f46b01b0e434bcb36f9e6.cloudfront.net (CloudFront),ZRH55-P1,ITpUOZsChN6Cvyb8kzwz4ny92Hh_oPDJITtYHF5-JOMqAHy_DxjyIQ==, ,https://d2ujgmo1oihwsm.cloudfront.net/myvideo-california.mp4,my content hosted on CloudFront,"{'Content-Type': 'video/mp4', 'Content-Length': '34082855', 'Connection': 'keep-alive', 'Last-Modified': 'Thu, 22 Jun 2023 10:01:02 GMT', 'x-amz-server-side-encryption': 'AES256', 'Accept-Ranges': 'bytes', 'Server': 'AmazonS3', 'Date': 'Thu, 22 Jun 2023 13:31:41 GMT', 'ETag': '""8ac8aa3c5414053de61f649fe776b0db-3""', 'Vary': 'Accept-Encoding', 'X-Cache': 'RefreshHit from cloudfront', 'Via': '1.1 ff571229df9f46b01b0e434bcb36f9e6.cloudfront.net (CloudFront)', 'X-Amz-Cf-Pop': 'ZRH55-P1', 'X-Amz-Cf-Id': 'ITpUOZsChN6Cvyb8kzwz4ny92Hh_oPDJITtYHF5-JOMqAHy_DxjyIQ=='}"
22-06-2023_15:31:51:032316,18.165.185.183,709.274, , , ,video/mp4,34082855,keep-alive,"Thu, 22 Jun 2023 13:31:52 GMT","Thu, 22 Jun 2023 10:01:02 GMT","""8ac8aa3c5414053de61f649fe776b0db-3""", ,AES256, , , ,bytes,AmazonS3, , , , ,RefreshHit from cloudfront,1.1 633b37c269943f0b3472e0abe1a07b2c.cloudfront.net (CloudFront),ZRH55-P1,48VLtfX7Oi2NYCVc0ajjWp6oP2W9xy4rX95ZsrGqoTnxcsBaftVEFA==, ,https://d2ujgmo1oihwsm.cloudfront.net/myvideo-california.mp4,my content hosted on CloudFront,"{'Content-Type': 'video/mp4', 'Content-Length': '34082855', 'Connection': 'keep-alive', 'Last-Modified': 'Thu, 22 Jun 2023 10:01:02 GMT', 'x-amz-server-side-encryption': 'AES256', 'Accept-Ranges': 'bytes', 'Server': 'AmazonS3', 'Date': 'Thu, 22 Jun 2023 13:31:52 GMT', 'ETag': '""8ac8aa3c5414053de61f649fe776b0db-3""', 'Vary': 'Accept-Encoding', 'X-Cache': 'RefreshHit from cloudfront', 'Via': '1.1 633b37c269943f0b3472e0abe1a07b2c.cloudfront.net (CloudFront)', 'X-Amz-Cf-Pop': 'ZRH55-P1', 'X-Amz-Cf-Id': '48VLtfX7Oi2NYCVc0ajjWp6oP2W9xy4rX95ZsrGqoTnxcsBaftVEFA=='}"
22-06-2023_15:32:01:784521,18.165.185.93,712.034, , , ,video/mp4,34082855,keep-alive,"Thu, 22 Jun 2023 13:32:03 GMT","Thu, 22 Jun 2023 10:01:02 GMT","""8ac8aa3c5414053de61f649fe776b0db-3""", ,AES256, , , ,bytes,AmazonS3, , , , ,RefreshHit from cloudfront,1.1 3a4b7ff21260552f6982d2003fec9c84.cloudfront.net (CloudFront),ZRH55-P1,uSzCWw9dI6u4JAnUxMM8XIunmVtn4pyMT7MhhdOBsj-QPg-w1CnbVg==, ,https://d2ujgmo1oihwsm.cloudfront.net/myvideo-california.mp4,my content hosted on CloudFront,"{'Content-Type': 'video/mp4', 'Content-Length': '34082855', 'Connection': 'keep-alive', 'Last-Modified': 'Thu, 22 Jun 2023 10:01:02 GMT', 'x-amz-server-side-encryption': 'AES256', 'Accept-Ranges': 'bytes', 'Server': 'AmazonS3', 'Date': 'Thu, 22 Jun 2023 13:32:03 GMT', 'ETag': '""8ac8aa3c5414053de61f649fe776b0db-3""', 'Vary': 'Accept-Encoding', 'X-Cache': 'RefreshHit from cloudfront', 'Via': '1.1 3a4b7ff21260552f6982d2003fec9c84.cloudfront.net (CloudFront)', 'X-Amz-Cf-Pop': 'ZRH55-P1', 'X-Amz-Cf-Id': 'uSzCWw9dI6u4JAnUxMM8XIunmVtn4pyMT7MhhdOBsj-QPg-w1CnbVg=='}"
22-06-2023_15:32:12:507802,18.165.185.93,707.917, , , ,video/mp4,34082855,keep-alive,"Thu, 22 Jun 2023 13:32:14 GMT","Thu, 22 Jun 2023 10:01:02 GMT","""8ac8aa3c5414053de61f649fe776b0db-3""", ,AES256, , , ,bytes,AmazonS3, , , , ,RefreshHit from cloudfront,1.1 2bb98457c96f801517f8d0d98344cd3c.cloudfront.net (CloudFront),ZRH55-P1,SZNx4wbk2A9Or9VCAnGRVJL34WxWxpgxU4BQoqEcPvXBOLbu9I2acw==, ,https://d2ujgmo1oihwsm.cloudfront.net/myvideo-california.mp4,my content hosted on CloudFront,"{'Content-Type': 'video/mp4', 'Content-Length': '34082855', 'Connection': 'keep-alive', 'Last-Modified': 'Thu, 22 Jun 2023 10:01:02 GMT', 'x-amz-server-side-encryption': 'AES256', 'Accept-Ranges': 'bytes', 'Server': 'AmazonS3', 'Date': 'Thu, 22 Jun 2023 13:32:14 GMT', 'ETag': '""8ac8aa3c5414053de61f649fe776b0db-3""', 'Vary': 'Accept-Encoding', 'X-Cache': 'RefreshHit from cloudfront', 'Via': '1.1 2bb98457c96f801517f8d0d98344cd3c.cloudfront.net (CloudFront)', 'X-Amz-Cf-Pop': 'ZRH55-P1', 'X-Amz-Cf-Id': 'SZNx4wbk2A9Or9VCAnGRVJL34WxWxpgxU4BQoqEcPvXBOLbu9I2acw=='}"
22-06-2023_15:32:23:235854,18.165.185.93,705.2420000000001, , , ,video/mp4,34082855,keep-alive,"Thu, 22 Jun 2023 13:32:24 GMT","Thu, 22 Jun 2023 10:01:02 GMT","""8ac8aa3c5414053de61f649fe776b0db-3""", ,AES256, , , ,bytes,AmazonS3, , , , ,RefreshHit from cloudfront,1.1 2aefdd231d9806ea2eced3399f411f80.cloudfront.net (CloudFront),ZRH55-P1,u6B-w6NhaxatIJN57YrEbYGS9pv4JO_7h-dJ0mIVZ3Z_fRNUAruUoA==, ,https://d2ujgmo1oihwsm.cloudfront.net/myvideo-california.mp4,my content hosted on CloudFront,"{'Content-Type': 'video/mp4', 'Content-Length': '34082855', 'Connection': 'keep-alive', 'Last-Modified': 'Thu, 22 Jun 2023 10:01:02 GMT', 'x-amz-server-side-encryption': 'AES256', 'Accept-Ranges': 'bytes', 'Server': 'AmazonS3', 'Date': 'Thu, 22 Jun 2023 13:32:24 GMT', 'ETag': '""8ac8aa3c5414053de61f649fe776b0db-3""', 'Vary': 'Accept-Encoding', 'X-Cache': 'RefreshHit from cloudfront', 'Via': '1.1 2aefdd231d9806ea2eced3399f411f80.cloudfront.net (CloudFront)', 'X-Amz-Cf-Pop': 'ZRH55-P1', 'X-Amz-Cf-Id': 'u6B-w6NhaxatIJN57YrEbYGS9pv4JO_7h-dJ0mIVZ3Z_fRNUAruUoA=='}"
22-06-2023_15:32:33:955782,18.165.185.93,728.269, , , ,video/mp4,34082855,keep-alive,"Thu, 22 Jun 2023 13:32:35 GMT","Thu, 22 Jun 2023 10:01:02 GMT","""8ac8aa3c5414053de61f649fe776b0db-3""", ,AES256, , , ,bytes,AmazonS3, , , , ,RefreshHit from cloudfront,1.1 cb0d3a2bdc5300e2d139e111e94efe5a.cloudfront.net (CloudFront),ZRH55-P1,IWoaVedhtP7q2LPAQT5437wMxGywFmf-yN8YQJ3AVFMv1rFtY764dw==, ,https://d2ujgmo1oihwsm.cloudfront.net/myvideo-california.mp4,my content hosted on CloudFront,"{'Content-Type': 'video/mp4', 'Content-Length': '34082855', 'Connection': 'keep-alive', 'Last-Modified': 'Thu, 22 Jun 2023 10:01:02 GMT', 'x-amz-server-side-encryption': 'AES256', 'Accept-Ranges': 'bytes', 'Server': 'AmazonS3', 'Date': 'Thu, 22 Jun 2023 13:32:35 GMT', 'ETag': '""8ac8aa3c5414053de61f649fe776b0db-3""', 'Vary': 'Accept-Encoding', 'X-Cache': 'RefreshHit from cloudfront', 'Via': '1.1 cb0d3a2bdc5300e2d139e111e94efe5a.cloudfront.net (CloudFront)', 'X-Amz-Cf-Pop': 'ZRH55-P1', 'X-Amz-Cf-Id': 'IWoaVedhtP7q2LPAQT5437wMxGywFmf-yN8YQJ3AVFMv1rFtY764dw=='}"
22-06-2023_15:32:44:691234,18.165.185.93,721.615, , , ,video/mp4,34082855,keep-alive,"Thu, 22 Jun 2023 13:32:46 GMT","Thu, 22 Jun 2023 10:01:02 GMT","""8ac8aa3c5414053de61f649fe776b0db-3""", ,AES256, , , ,bytes,AmazonS3, , , , ,RefreshHit from cloudfront,1.1 fec5e83bcae9ab1295b776b3f64183d0.cloudfront.net (CloudFront),ZRH55-P1,ycevrvHI0Y4bPdcPKPygPo5m8QVMby-NrgJGh1GUlPvL5QSwGFJ2Hw==, ,https://d2ujgmo1oihwsm.cloudfront.net/myvideo-california.mp4,my content hosted on CloudFront,"{'Content-Type': 'video/mp4', 'Content-Length': '34082855', 'Connection': 'keep-alive', 'Last-Modified': 'Thu, 22 Jun 2023 10:01:02 GMT', 'x-amz-server-side-encryption': 'AES256', 'Accept-Ranges': 'bytes', 'Server': 'AmazonS3', 'Date': 'Thu, 22 Jun 2023 13:32:46 GMT', 'ETag': '""8ac8aa3c5414053de61f649fe776b0db-3""', 'Vary': 'Accept-Encoding', 'X-Cache': 'RefreshHit from cloudfront', 'Via': '1.1 fec5e83bcae9ab1295b776b3f64183d0.cloudfront.net (CloudFront)', 'X-Amz-Cf-Pop': 'ZRH55-P1', 'X-Amz-Cf-Id': 'ycevrvHI0Y4bPdcPKPygPo5m8QVMby-NrgJGh1GUlPvL5QSwGFJ2Hw=='}"
22-06-2023_15:32:55:424782,18.165.185.93,711.5559999999999, , , ,video/mp4,34082855,keep-alive,"Thu, 22 Jun 2023 13:32:57 GMT","Thu, 22 Jun 2023 10:01:02 GMT","""8ac8aa3c5414053de61f649fe776b0db-3""", ,AES256, , , ,bytes,AmazonS3, , , , ,RefreshHit from cloudfront,1.1 4aab94d467900146bd910265f6087b8e.cloudfront.net (CloudFront),ZRH55-P1,qYmIklgZnztBMAuDO2r4cO0HAyauPiKm0x07Z-xyDvqYIX5dGTJbTg==, ,https://d2ujgmo1oihwsm.cloudfront.net/myvideo-california.mp4,my content hosted on CloudFront,"{'Content-Type': 'video/mp4', 'Content-Length': '34082855', 'Connection': 'keep-alive', 'Last-Modified': 'Thu, 22 Jun 2023 10:01:02 GMT', 'x-amz-server-side-encryption': 'AES256', 'Accept-Ranges': 'bytes', 'Server': 'AmazonS3', 'Date': 'Thu, 22 Jun 2023 13:32:57 GMT', 'ETag': '""8ac8aa3c5414053de61f649fe776b0db-3""', 'Vary': 'Accept-Encoding', 'X-Cache': 'RefreshHit from cloudfront', 'Via': '1.1 4aab94d467900146bd910265f6087b8e.cloudfront.net (CloudFront)', 'X-Amz-Cf-Pop': 'ZRH55-P1', 'X-Amz-Cf-Id': 'qYmIklgZnztBMAuDO2r4cO0HAyauPiKm0x07Z-xyDvqYIX5dGTJbTg=='}"
22-06-2023_15:33:06:152033,18.165.185.93,709.168, , , ,video/mp4,34082855,keep-alive,"Thu, 22 Jun 2023 13:33:07 GMT","Thu, 22 Jun 2023 10:01:02 GMT","""8ac8aa3c5414053de61f649fe776b0db-3""", ,AES256, , , ,bytes,AmazonS3, , , , ,RefreshHit from cloudfront,1.1 cb0d3a2bdc5300e2d139e111e94efe5a.cloudfront.net (CloudFront),ZRH55-P1,z3mARLsnwAgkZn8PGO5WOvKeazL8Olj2NbAYNSFgeIg--Xx7OiXVYQ==, ,https://d2ujgmo1oihwsm.cloudfront.net/myvideo-california.mp4,my content hosted on CloudFront,"{'Content-Type': 'video/mp4', 'Content-Length': '34082855', 'Connection': 'keep-alive', 'Last-Modified': 'Thu, 22 Jun 2023 10:01:02 GMT', 'x-amz-server-side-encryption': 'AES256', 'Accept-Ranges': 'bytes', 'Server': 'AmazonS3', 'Date': 'Thu, 22 Jun 2023 13:33:07 GMT', 'ETag': '""8ac8aa3c5414053de61f649fe776b0db-3""', 'Vary': 'Accept-Encoding', 'X-Cache': 'RefreshHit from cloudfront', 'Via': '1.1 cb0d3a2bdc5300e2d139e111e94efe5a.cloudfront.net (CloudFront)', 'X-Amz-Cf-Pop': 'ZRH55-P1', 'X-Amz-Cf-Id': 'z3mARLsnwAgkZn8PGO5WOvKeazL8Olj2NbAYNSFgeIg--Xx7OiXVYQ=='}"
22-06-2023_15:33:16:873702,18.165.185.163,707.206, , , ,video/mp4,34082855,keep-alive,"Thu, 22 Jun 2023 13:33:18 GMT","Thu, 22 Jun 2023 10:01:02 GMT","""8ac8aa3c5414053de61f649fe776b0db-3""", ,AES256, , , ,bytes,AmazonS3, , , , ,RefreshHit from cloudfront,1.1 7eb9eadda041aaab1056a6a0f8080462.cloudfront.net (CloudFront),ZRH55-P1,ukJi1DxGW5aIKrK02s2k0MvnZhyaHGCb4uDaJ-VwNQNdYc08wAROzw==, ,https://d2ujgmo1oihwsm.cloudfront.net/myvideo-california.mp4,my content hosted on CloudFront,"{'Content-Type': 'video/mp4', 'Content-Length': '34082855', 'Connection': 'keep-alive', 'Last-Modified': 'Thu, 22 Jun 2023 10:01:02 GMT', 'x-amz-server-side-encryption': 'AES256', 'Accept-Ranges': 'bytes', 'Server': 'AmazonS3', 'Date': 'Thu, 22 Jun 2023 13:33:18 GMT', 'ETag': '""8ac8aa3c5414053de61f649fe776b0db-3""', 'Vary': 'Accept-Encoding', 'X-Cache': 'RefreshHit from cloudfront', 'Via': '1.1 7eb9eadda041aaab1056a6a0f8080462.cloudfront.net (CloudFront)', 'X-Amz-Cf-Pop': 'ZRH55-P1', 'X-Amz-Cf-Id': 'ukJi1DxGW5aIKrK02s2k0MvnZhyaHGCb4uDaJ-VwNQNdYc08wAROzw=='}"
22-06-2023_15:33:27:590785,18.165.185.163,710.4019999999999, , , ,video/mp4,34082855,keep-alive,"Thu, 22 Jun 2023 13:33:29 GMT","Thu, 22 Jun 2023 10:01:02 GMT","""8ac8aa3c5414053de61f649fe776b0db-3""", ,AES256, , , ,bytes,AmazonS3, , , , ,RefreshHit from cloudfront,1.1 b03c46754456cd1729ff37c2faafd4ec.cloudfront.net (CloudFront),ZRH55-P1,iSmIUnh1EA8FkoFbe0rd-wV_E1_9sG-ZL1Kr8Jk3luv4w2lQoXG8CA==, ,https://d2ujgmo1oihwsm.cloudfront.net/myvideo-california.mp4,my content hosted on CloudFront,"{'Content-Type': 'video/mp4', 'Content-Length': '34082855', 'Connection': 'keep-alive', 'Last-Modified': 'Thu, 22 Jun 2023 10:01:02 GMT', 'x-amz-server-side-encryption': 'AES256', 'Accept-Ranges': 'bytes', 'Server': 'AmazonS3', 'Date': 'Thu, 22 Jun 2023 13:33:29 GMT', 'ETag': '""8ac8aa3c5414053de61f649fe776b0db-3""', 'Vary': 'Accept-Encoding', 'X-Cache': 'RefreshHit from cloudfront', 'Via': '1.1 b03c46754456cd1729ff37c2faafd4ec.cloudfront.net (CloudFront)', 'X-Amz-Cf-Pop': 'ZRH55-P1', 'X-Amz-Cf-Id': 'iSmIUnh1EA8FkoFbe0rd-wV_E1_9sG-ZL1Kr8Jk3luv4w2lQoXG8CA=='}"
