timestamp(dd-mm-yyyy hh:mm:ss:ms),responseIP,latency(ms),traceroute_ips,traceroute_hnames,hop count,Content-Type,Content-Length,Connection,Date,Last-Modified,ETag,x-amz-storage-class,x-amz-server-side-encryption,x-amz-meta-dv-checksum-sha-1,x-amz-meta-dv-checksum-md5,x-amz-meta-dv-checksum-sha-256,Accept-Ranges,Server,X-Server-IP,X-Server-IP_hops,X-Server-IP_hnames,X-Server-IP_hopcount,X-Cache,Via,X-Amz-Cf-Pop,X-Amz-Cf-Id,Age,url,info,reasponseHeaders
22-06-2023_15:30:14:951035,18.165.185.221,30.724, , , ,video/mp4,34082855,keep-alive,"Thu, 22 Jun 2023 13:30:11 GMT","Thu, 22 Jun 2023 10:01:02 GMT","""8ac8aa3c5414053de61f649fe776b0db-3""", ,AES256, , , ,bytes,AmazonS3, , , , ,Hit from cloudfront,1.1 2177a1d449a3e8dc7269040f15d81cb0.cloudfront.net (CloudFront),ZRH55-P1,63otxL2SWYargh9SFpKJRsLTpzuNPyQEOHzGEJnzFfpHghc2ko6spg==,5,https://d36mvgiamk5bf0.cloudfront.net/myvideo-california.mp4,my content hosted on CloudFront,"{'Content-Type': 'video/mp4', 'Content-Length': '34082855', 'Connection': 'keep-alive', 'Last-Modified': 'Thu, 22 Jun 2023 10:01:02 GMT', 'x-amz-server-side-encryption': 'AES256', 'Accept-Ranges': 'bytes', 'Server': 'AmazonS3', 'Date': 'Thu, 22 Jun 2023 13:30:11 GMT', 'ETag': '""8ac8aa3c5414053de61f649fe776b0db-3""', 'Vary': 'Accept-Encoding', 'X-Cache': 'Hit from cloudfront', 'Via': '1.1 2177a1d449a3e8dc7269040f15d81cb0.cloudfront.net (CloudFront)', 'X-Amz-Cf-Pop': 'ZRH55-P1', 'X-Amz-Cf-Id': '63otxL2SWYargh9SFpKJRsLTpzuNPyQEOHzGEJnzFfpHghc2ko6spg==', 'Age': '5'}"
22-06-2023_15:30:25:002940,18.165.185.221,718.537, , , ,video/mp4,34082855,keep-alive,"Thu, 22 Jun 2023 13:30:26 GMT","Thu, 22 Jun 2023 10:01:02 GMT","""8ac8aa3c5414053de61f649fe776b0db-3""", ,AES256, , , ,bytes,AmazonS3, , , , ,RefreshHit from cloudfront,1.1 3d994808da6a9ce8c9e7b1364fa689ea.cloudfront.net (CloudFront),ZRH55-P1,M6zcBtyuM-GIi1DInXBgNwij97FY91WehV_tXltwX8jWy3ZiROBMAg==, ,https://d36mvgiamk5bf0.cloudfront.net/myvideo-california.mp4,my content hosted on CloudFront,"{'Content-Type': 'video/mp4', 'Content-Length': '34082855', 'Connection': 'keep-alive', 'Last-Modified': 'Thu, 22 Jun 2023 10:01:02 GMT', 'x-amz-server-side-encryption': 'AES256', 'Accept-Ranges': 'bytes', 'Server': 'AmazonS3', 'Date': 'Thu, 22 Jun 2023 13:30:26 GMT', 'ETag': '""8ac8aa3c5414053de61f649fe776b0db-3""', 'Vary': 'Accept-Encoding', 'X-Cache': 'RefreshHit from cloudfront', 'Via': '1.1 3d994808da6a9ce8c9e7b1364fa689ea.cloudfront.net (CloudFront)', 'X-Amz-Cf-Pop': 'ZRH55-P1', 'X-Amz-Cf-Id': 'M6zcBtyuM-GIi1DInXBgNwij97FY91WehV_tXltwX8jWy3ZiROBMAg=='}"
22-06-2023_15:30:35:730598,18.165.185.131,711.981, , , ,video/mp4,34082855,keep-alive,"Thu, 22 Jun 2023 13:30:37 GMT","Thu, 22 Jun 2023 10:01:02 GMT","""8ac8aa3c5414053de61f649fe776b0db-3""", ,AES256, , , ,bytes,AmazonS3, , , , ,RefreshHit from cloudfront,1.1 2aefdd231d9806ea2eced3399f411f80.cloudfront.net (CloudFront),ZRH55-P1,zMGgRzkoJ3Ypln-pdXEKNKA36H0FCcxkHmnIvQD56ublWbW0KatwSQ==, ,https://d36mvgiamk5bf0.cloudfront.net/myvideo-california.mp4,my content hosted on CloudFront,"{'Content-Type': 'video/mp4', 'Content-Length': '34082855', 'Connection': 'keep-alive', 'Last-Modified': 'Thu, 22 Jun 2023 10:01:02 GMT', 'x-amz-server-side-encryption': 'AES256', 'Accept-Ranges': 'bytes', 'Server': 'AmazonS3', 'Date': 'Thu, 22 Jun 2023 13:30:37 GMT', 'ETag': '""8ac8aa3c5414053de61f649fe776b0db-3""', 'Vary': 'Accept-Encoding', 'X-Cache': 'RefreshHit from cloudfront', 'Via': '1.1 2aefdd231d9806ea2eced3399f411f80.cloudfront.net (CloudFront)', 'X-Amz-Cf-Pop': 'ZRH55-P1', 'X-Amz-Cf-Id': 'zMGgRzkoJ3Ypln-pdXEKNKA36H0FCcxkHmnIvQD56ublWbW0KatwSQ=='}"
22-06-2023_15:30:46:641134,18.165.185.131,708.979, , , ,video/mp4,34082855,keep-alive,"Thu, 22 Jun 2023 13:30:48 GMT","Thu, 22 Jun 2023 10:01:02 GMT","""8ac8aa3c5414053de61f649fe776b0db-3""", ,AES256, , , ,bytes,AmazonS3, , , , ,RefreshHit from cloudfront,1.1 fec5e83bcae9ab1295b776b3f64183d0.cloudfront.net (CloudFront),ZRH55-P1,NX0h9AIFkgHS3JhVBs5zL3KNBFlqWfbqspZIrEvb_g9jZ2NjnDspxQ==, ,https://d36mvgiamk5bf0.cloudfront.net/myvideo-california.mp4,my content hosted on CloudFront,"{'Content-Type': 'video/mp4', 'Content-Length': '34082855', 'Connection': 'keep-alive', 'Last-Modified': 'Thu, 22 Jun 2023 10:01:02 GMT', 'x-amz-server-side-encryption': 'AES256', 'Accept-Ranges': 'bytes', 'Server': 'AmazonS3', 'Date': 'Thu, 22 Jun 2023 13:30:48 GMT', 'ETag': '""8ac8aa3c5414053de61f649fe776b0db-3""', 'Vary': 'Accept-Encoding', 'X-Cache': 'RefreshHit from cloudfront', 'Via': '1.1 fec5e83bcae9ab1295b776b3f64183d0.cloudfront.net (CloudFront)', 'X-Amz-Cf-Pop': 'ZRH55-P1', 'X-Amz-Cf-Id': 'NX0h9AIFkgHS3JhVBs5zL3KNBFlqWfbqspZIrEvb_g9jZ2NjnDspxQ=='}"
22-06-2023_15:30:57:367204,18.165.185.131,736.561, , , ,video/mp4,34082855,keep-alive,"Thu, 22 Jun 2023 13:30:59 GMT","Thu, 22 Jun 2023 10:01:02 GMT","""8ac8aa3c5414053de61f649fe776b0db-3""", ,AES256, , , ,bytes,AmazonS3, , , , ,RefreshHit from cloudfront,1.1 df9ce120cad525bdb160f75cd7b807c2.cloudfront.net (CloudFront),ZRH55-P1,PDFqfc5uSGAsnwKxQMdIqnxEjvK5Fy2RVW5hn72-gGzC3bJBlbS4Jw==, ,https://d36mvgiamk5bf0.cloudfront.net/myvideo-california.mp4,my content hosted on CloudFront,"{'Content-Type': 'video/mp4', 'Content-Length': '34082855', 'Connection': 'keep-alive', 'Last-Modified': 'Thu, 22 Jun 2023 10:01:02 GMT', 'x-amz-server-side-encryption': 'AES256', 'Accept-Ranges': 'bytes', 'Server': 'AmazonS3', 'Date': 'Thu, 22 Jun 2023 13:30:59 GMT', 'ETag': '""8ac8aa3c5414053de61f649fe776b0db-3""', 'Vary': 'Accept-Encoding', 'X-Cache': 'RefreshHit from cloudfront', 'Via': '1.1 df9ce120cad525bdb160f75cd7b807c2.cloudfront.net (CloudFront)', 'X-Amz-Cf-Pop': 'ZRH55-P1', 'X-Amz-Cf-Id': 'PDFqfc5uSGAsnwKxQMdIqnxEjvK5Fy2RVW5hn72-gGzC3bJBlbS4Jw=='}"
22-06-2023_15:31:08:114794,18.165.185.131,716.055, , , ,video/mp4,34082855,keep-alive,"Thu, 22 Jun 2023 13:31:09 GMT","Thu, 22 Jun 2023 10:01:02 GMT","""8ac8aa3c5414053de61f649fe776b0db-3""", ,AES256, , , ,bytes,AmazonS3, , , , ,RefreshHit from cloudfront,1.1 7eb9eadda041aaab1056a6a0f8080462.cloudfront.net (CloudFront),ZRH55-P1,u0sHqnsmy6FLCy9GwVgApMppOrlDOGeiLyn20vFHaN5AlJuxfpoIAg==, ,https://d36mvgiamk5bf0.cloudfront.net/myvideo-california.mp4,my content hosted on CloudFront,"{'Content-Type': 'video/mp4', 'Content-Length': '34082855', 'Connection': 'keep-alive', 'Last-Modified': 'Thu, 22 Jun 2023 10:01:02 GMT', 'x-amz-server-side-encryption': 'AES256', 'Accept-Ranges': 'bytes', 'Server': 'AmazonS3', 'Date': 'Thu, 22 Jun 2023 13:31:09 GMT', 'ETag': '""8ac8aa3c5414053de61f649fe776b0db-3""', 'Vary': 'Accept-Encoding', 'X-Cache': 'RefreshHit from cloudfront', 'Via': '1.1 7eb9eadda041aaab1056a6a0f8080462.cloudfront.net (CloudFront)', 'X-Amz-Cf-Pop': 'ZRH55-P1', 'X-Amz-Cf-Id': 'u0sHqnsmy6FLCy9GwVgApMppOrlDOGeiLyn20vFHaN5AlJuxfpoIAg=='}"
22-06-2023_15:31:18:840608,18.165.185.131,741.311, , , ,video/mp4,34082855,keep-alive,"Thu, 22 Jun 2023 13:31:20 GMT","Thu, 22 Jun 2023 10:01:02 GMT","""8ac8aa3c5414053de61f649fe776b0db-3""", ,AES256, , , ,bytes,AmazonS3, , , , ,RefreshHit from cloudfront,1.1 841da31399fe7f7e7065c840a22fae0a.cloudfront.net (CloudFront),ZRH55-P1,Xaq53ZLWJIrMZXyEKFve6UD3f00FZtZ8ZrDbVD21oVGRQFkm2odlyg==, ,https://d36mvgiamk5bf0.cloudfront.net/myvideo-california.mp4,my content hosted on CloudFront,"{'Content-Type': 'video/mp4', 'Content-Length': '34082855', 'Connection': 'keep-alive', 'Last-Modified': 'Thu, 22 Jun 2023 10:01:02 GMT', 'x-amz-server-side-encryption': 'AES256', 'Accept-Ranges': 'bytes', 'Server': 'AmazonS3', 'Date': 'Thu, 22 Jun 2023 13:31:20 GMT', 'ETag': '""8ac8aa3c5414053de61f649fe776b0db-3""', 'Vary': 'Accept-Encoding', 'X-Cache': 'RefreshHit from cloudfront', 'Via': '1.1 841da31399fe7f7e7065c840a22fae0a.cloudfront.net (CloudFront)', 'X-Amz-Cf-Pop': 'ZRH55-P1', 'X-Amz-Cf-Id': 'Xaq53ZLWJIrMZXyEKFve6UD3f00FZtZ8ZrDbVD21oVGRQFkm2odlyg=='}"
22-06-2023_15:31:29:588905,18.165.185.131,709.915, , , ,video/mp4,34082855,keep-alive,"Thu, 22 Jun 2023 13:31:31 GMT","Thu, 22 Jun 2023 10:01:02 GMT","""8ac8aa3c5414053de61f649fe776b0db-3""", ,AES256, , , ,bytes,AmazonS3, , , , ,RefreshHit from cloudfront,1.1 6678c1810851ff197cbe3fe4c41e86a6.cloudfront.net (CloudFront),ZRH55-P1,Rx-9xoGiPN5lg5aCqkNH0W03wMhm-cf1aNiuCnZyquMmoLQeBykJ5A==, ,https://d36mvgiamk5bf0.cloudfront.net/myvideo-california.mp4,my content hosted on CloudFront,"{'Content-Type': 'video/mp4', 'Content-Length': '34082855', 'Connection': 'keep-alive', 'Last-Modified': 'Thu, 22 Jun 2023 10:01:02 GMT', 'x-amz-server-side-encryption': 'AES256', 'Accept-Ranges': 'bytes', 'Server': 'AmazonS3', 'Date': 'Thu, 22 Jun 2023 13:31:31 GMT', 'ETag': '""8ac8aa3c5414053de61f649fe776b0db-3""', 'Vary': 'Accept-Encoding', 'X-Cache': 'RefreshHit from cloudfront', 'Via': '1.1 6678c1810851ff197cbe3fe4c41e86a6.cloudfront.net (CloudFront)', 'X-Amz-Cf-Pop': 'ZRH55-P1', 'X-Amz-Cf-Id': 'Rx-9xoGiPN5lg5aCqkNH0W03wMhm-cf1aNiuCnZyquMmoLQeBykJ5A=='}"
22-06-2023_15:31:40:313670,18.165.185.131,708.1030000000001, , , ,video/mp4,34082855,keep-alive,"Thu, 22 Jun 2023 13:31:41 GMT","Thu, 22 Jun 2023 10:01:02 GMT","""8ac8aa3c5414053de61f649fe776b0db-3""", ,AES256, , , ,bytes,AmazonS3, , , , ,RefreshHit from cloudfront,1.1 478446fb4d72a1fd99b9a7a5157265f4.cloudfront.net (CloudFront),ZRH55-P1,QGIGrx8eu-vAR7xHjEPD36UswcqW4c_F9hGUdLJx-rc4LIjL8SC6RA==, ,https://d36mvgiamk5bf0.cloudfront.net/myvideo-california.mp4,my content hosted on CloudFront,"{'Content-Type': 'video/mp4', 'Content-Length': '34082855', 'Connection': 'keep-alive', 'Last-Modified': 'Thu, 22 Jun 2023 10:01:02 GMT', 'x-amz-server-side-encryption': 'AES256', 'Accept-Ranges': 'bytes', 'Server': 'AmazonS3', 'Date': 'Thu, 22 Jun 2023 13:31:41 GMT', 'ETag': '""8ac8aa3c5414053de61f649fe776b0db-3""', 'Vary': 'Accept-Encoding', 'X-Cache': 'RefreshHit from cloudfront', 'Via': '1.1 478446fb4d72a1fd99b9a7a5157265f4.cloudfront.net (CloudFront)', 'X-Amz-Cf-Pop': 'ZRH55-P1', 'X-Amz-Cf-Id': 'QGIGrx8eu-vAR7xHjEPD36UswcqW4c_F9hGUdLJx-rc4LIjL8SC6RA=='}"
22-06-2023_15:31:51:033614,18.165.185.221,725.048, , , ,video/mp4,34082855,keep-alive,"Thu, 22 Jun 2023 13:31:52 GMT","Thu, 22 Jun 2023 10:01:02 GMT","""8ac8aa3c5414053de61f649fe776b0db-3""", ,AES256, , , ,bytes,AmazonS3, , , , ,RefreshHit from cloudfront,1.1 9f25aa45df27e50f380232059fde4c1a.cloudfront.net (CloudFront),ZRH55-P1,oioVGWOanOiAXt4xYO6hTxWvy4BO4Hbf5q_TTvk8ov8EwSGbM-9Z8g==, ,https://d36mvgiamk5bf0.cloudfront.net/myvideo-california.mp4,my content hosted on CloudFront,"{'Content-Type': 'video/mp4', 'Content-Length': '34082855', 'Connection': 'keep-alive', 'Last-Modified': 'Thu, 22 Jun 2023 10:01:02 GMT', 'x-amz-server-side-encryption': 'AES256', 'Accept-Ranges': 'bytes', 'Server': 'AmazonS3', 'Date': 'Thu, 22 Jun 2023 13:31:52 GMT', 'ETag': '""8ac8aa3c5414053de61f649fe776b0db-3""', 'Vary': 'Accept-Encoding', 'X-Cache': 'RefreshHit from cloudfront', 'Via': '1.1 9f25aa45df27e50f380232059fde4c1a.cloudfront.net (CloudFront)', 'X-Amz-Cf-Pop': 'ZRH55-P1', 'X-Amz-Cf-Id': 'oioVGWOanOiAXt4xYO6hTxWvy4BO4Hbf5q_TTvk8ov8EwSGbM-9Z8g=='}"
22-06-2023_15:32:01:786342,18.165.185.221,709.704, , , ,video/mp4,34082855,keep-alive,"Thu, 22 Jun 2023 13:32:03 GMT","Thu, 22 Jun 2023 10:01:02 GMT","""8ac8aa3c5414053de61f649fe776b0db-3""", ,AES256, , , ,bytes,AmazonS3, , , , ,RefreshHit from cloudfront,1.1 a9717fb92179a05f5da85fabc586e750.cloudfront.net (CloudFront),ZRH55-P1,QSlxdzx6HoSWR85YGlhGBRwHoM98QZmCQELxXuqRTdwJcEwkgl2wpA==, ,https://d36mvgiamk5bf0.cloudfront.net/myvideo-california.mp4,my content hosted on CloudFront,"{'Content-Type': 'video/mp4', 'Content-Length': '34082855', 'Connection': 'keep-alive', 'Last-Modified': 'Thu, 22 Jun 2023 10:01:02 GMT', 'x-amz-server-side-encryption': 'AES256', 'Accept-Ranges': 'bytes', 'Server': 'AmazonS3', 'Date': 'Thu, 22 Jun 2023 13:32:03 GMT', 'ETag': '""8ac8aa3c5414053de61f649fe776b0db-3""', 'Vary': 'Accept-Encoding', 'X-Cache': 'RefreshHit from cloudfront', 'Via': '1.1 a9717fb92179a05f5da85fabc586e750.cloudfront.net (CloudFront)', 'X-Amz-Cf-Pop': 'ZRH55-P1', 'X-Amz-Cf-Id': 'QSlxdzx6HoSWR85YGlhGBRwHoM98QZmCQELxXuqRTdwJcEwkgl2wpA=='}"
22-06-2023_15:32:12:509106,18.165.185.221,709.3230000000001, , , ,video/mp4,34082855,keep-alive,"Thu, 22 Jun 2023 13:32:14 GMT","Thu, 22 Jun 2023 10:01:02 GMT","""8ac8aa3c5414053de61f649fe776b0db-3""", ,AES256, , , ,bytes,AmazonS3, , , , ,RefreshHit from cloudfront,1.1 3c2af29a416fc74eb3d104df3f808fdc.cloudfront.net (CloudFront),ZRH55-P1,KULKT5yGSvszy6_KPlNij7OjGmqpVha6zaetM6IPmCNi5-hyGtJ5OA==, ,https://d36mvgiamk5bf0.cloudfront.net/myvideo-california.mp4,my content hosted on CloudFront,"{'Content-Type': 'video/mp4', 'Content-Length': '34082855', 'Connection': 'keep-alive', 'Last-Modified': 'Thu, 22 Jun 2023 10:01:02 GMT', 'x-amz-server-side-encryption': 'AES256', 'Accept-Ranges': 'bytes', 'Server': 'AmazonS3', 'Date': 'Thu, 22 Jun 2023 13:32:14 GMT', 'ETag': '""8ac8aa3c5414053de61f649fe776b0db-3""', 'Vary': 'Accept-Encoding', 'X-Cache': 'RefreshHit from cloudfront', 'Via': '1.1 3c2af29a416fc74eb3d104df3f808fdc.cloudfront.net (CloudFront)', 'X-Amz-Cf-Pop': 'ZRH55-P1', 'X-Amz-Cf-Id': 'KULKT5yGSvszy6_KPlNij7OjGmqpVha6zaetM6IPmCNi5-hyGtJ5OA=='}"
22-06-2023_15:32:23:237258,18.165.185.221,711.911, , , ,video/mp4,34082855,keep-alive,"Thu, 22 Jun 2023 13:32:24 GMT","Thu, 22 Jun 2023 10:01:02 GMT","""8ac8aa3c5414053de61f649fe776b0db-3""", ,AES256, , , ,bytes,AmazonS3, , , , ,RefreshHit from cloudfront,1.1 c7311454ce938e04f3523616a5b033da.cloudfront.net (CloudFront),ZRH55-P1,g7pgsbHdrOkzA3pE5ckFxzwVHc7kZ1z_J3jne0J1uB4Tyfd8r6m8GQ==, ,https://d36mvgiamk5bf0.cloudfront.net/myvideo-california.mp4,my content hosted on CloudFront,"{'Content-Type': 'video/mp4', 'Content-Length': '34082855', 'Connection': 'keep-alive', 'Last-Modified': 'Thu, 22 Jun 2023 10:01:02 GMT', 'x-amz-server-side-encryption': 'AES256', 'Accept-Ranges': 'bytes', 'Server': 'AmazonS3', 'Date': 'Thu, 22 Jun 2023 13:32:24 GMT', 'ETag': '""8ac8aa3c5414053de61f649fe776b0db-3""', 'Vary': 'Accept-Encoding', 'X-Cache': 'RefreshHit from cloudfront', 'Via': '1.1 c7311454ce938e04f3523616a5b033da.cloudfront.net (CloudFront)', 'X-Amz-Cf-Pop': 'ZRH55-P1', 'X-Amz-Cf-Id': 'g7pgsbHdrOkzA3pE5ckFxzwVHc7kZ1z_J3jne0J1uB4Tyfd8r6m8GQ=='}"
22-06-2023_15:32:33:956953,18.165.185.221,709.001, , , ,video/mp4,34082855,keep-alive,"Thu, 22 Jun 2023 13:32:35 GMT","Thu, 22 Jun 2023 10:01:02 GMT","""8ac8aa3c5414053de61f649fe776b0db-3""", ,AES256, , , ,bytes,AmazonS3, , , , ,RefreshHit from cloudfront,1.1 2aefdd231d9806ea2eced3399f411f80.cloudfront.net (CloudFront),ZRH55-P1,nUURcz9aCSOZ71vNgOApNsheQrlU3rT7kcifE35p1-Ec1UygQlc69w==, ,https://d36mvgiamk5bf0.cloudfront.net/myvideo-california.mp4,my content hosted on CloudFront,"{'Content-Type': 'video/mp4', 'Content-Length': '34082855', 'Connection': 'keep-alive', 'Last-Modified': 'Thu, 22 Jun 2023 10:01:02 GMT', 'x-amz-server-side-encryption': 'AES256', 'Accept-Ranges': 'bytes', 'Server': 'AmazonS3', 'Date': 'Thu, 22 Jun 2023 13:32:35 GMT', 'ETag': '""8ac8aa3c5414053de61f649fe776b0db-3""', 'Vary': 'Accept-Encoding', 'X-Cache': 'RefreshHit from cloudfront', 'Via': '1.1 2aefdd231d9806ea2eced3399f411f80.cloudfront.net (CloudFront)', 'X-Amz-Cf-Pop': 'ZRH55-P1', 'X-Amz-Cf-Id': 'nUURcz9aCSOZ71vNgOApNsheQrlU3rT7kcifE35p1-Ec1UygQlc69w=='}"
22-06-2023_15:32:44:692574,18.165.185.221,700.754, , , ,video/mp4,34082855,keep-alive,"Thu, 22 Jun 2023 13:32:46 GMT","Thu, 22 Jun 2023 10:01:02 GMT","""8ac8aa3c5414053de61f649fe776b0db-3""", ,AES256, , , ,bytes,AmazonS3, , , , ,RefreshHit from cloudfront,1.1 9defe0d67603d45217a1199d0f877384.cloudfront.net (CloudFront),ZRH55-P1,XvBEnJZ-QD_j1nvUxj6hTRiMr_s4EXbIpiQcqsL5XbZBLcQUY8gCUA==, ,https://d36mvgiamk5bf0.cloudfront.net/myvideo-california.mp4,my content hosted on CloudFront,"{'Content-Type': 'video/mp4', 'Content-Length': '34082855', 'Connection': 'keep-alive', 'Last-Modified': 'Thu, 22 Jun 2023 10:01:02 GMT', 'x-amz-server-side-encryption': 'AES256', 'Accept-Ranges': 'bytes', 'Server': 'AmazonS3', 'Date': 'Thu, 22 Jun 2023 13:32:46 GMT', 'ETag': '""8ac8aa3c5414053de61f649fe776b0db-3""', 'Vary': 'Accept-Encoding', 'X-Cache': 'RefreshHit from cloudfront', 'Via': '1.1 9defe0d67603d45217a1199d0f877384.cloudfront.net (CloudFront)', 'X-Amz-Cf-Pop': 'ZRH55-P1', 'X-Amz-Cf-Id': 'XvBEnJZ-QD_j1nvUxj6hTRiMr_s4EXbIpiQcqsL5XbZBLcQUY8gCUA=='}"
22-06-2023_15:32:55:426298,18.165.185.221,711.485, , , ,video/mp4,34082855,keep-alive,"Thu, 22 Jun 2023 13:32:57 GMT","Thu, 22 Jun 2023 10:01:02 GMT","""8ac8aa3c5414053de61f649fe776b0db-3""", ,AES256, , , ,bytes,AmazonS3, , , , ,RefreshHit from cloudfront,1.1 c7311454ce938e04f3523616a5b033da.cloudfront.net (CloudFront),ZRH55-P1,Ew2uFbW1qzNkjUaP13jb-YdcQAWbbzpV9AKKAvrPyG9kCZYxSYkDfw==, ,https://d36mvgiamk5bf0.cloudfront.net/myvideo-california.mp4,my content hosted on CloudFront,"{'Content-Type': 'video/mp4', 'Content-Length': '34082855', 'Connection': 'keep-alive', 'Last-Modified': 'Thu, 22 Jun 2023 10:01:02 GMT', 'x-amz-server-side-encryption': 'AES256', 'Accept-Ranges': 'bytes', 'Server': 'AmazonS3', 'Date': 'Thu, 22 Jun 2023 13:32:57 GMT', 'ETag': '""8ac8aa3c5414053de61f649fe776b0db-3""', 'Vary': 'Accept-Encoding', 'X-Cache': 'RefreshHit from cloudfront', 'Via': '1.1 c7311454ce938e04f3523616a5b033da.cloudfront.net (CloudFront)', 'X-Amz-Cf-Pop': 'ZRH55-P1', 'X-Amz-Cf-Id': 'Ew2uFbW1qzNkjUaP13jb-YdcQAWbbzpV9AKKAvrPyG9kCZYxSYkDfw=='}"
22-06-2023_15:33:06:153276,18.165.185.221,711.8520000000001, , , ,video/mp4,34082855,keep-alive,"Thu, 22 Jun 2023 13:33:07 GMT","Thu, 22 Jun 2023 10:01:02 GMT","""8ac8aa3c5414053de61f649fe776b0db-3""", ,AES256, , , ,bytes,AmazonS3, , , , ,RefreshHit from cloudfront,1.1 f6d3d027dc70c7291c2f685efb187ab2.cloudfront.net (CloudFront),ZRH55-P1,FPnrgopvCk94ht53FPhimELDiSv3nJSDDCTn6csT8ny7DDlnjiiR1Q==, ,https://d36mvgiamk5bf0.cloudfront.net/myvideo-california.mp4,my content hosted on CloudFront,"{'Content-Type': 'video/mp4', 'Content-Length': '34082855', 'Connection': 'keep-alive', 'Last-Modified': 'Thu, 22 Jun 2023 10:01:02 GMT', 'x-amz-server-side-encryption': 'AES256', 'Accept-Ranges': 'bytes', 'Server': 'AmazonS3', 'Date': 'Thu, 22 Jun 2023 13:33:07 GMT', 'ETag': '""8ac8aa3c5414053de61f649fe776b0db-3""', 'Vary': 'Accept-Encoding', 'X-Cache': 'RefreshHit from cloudfront', 'Via': '1.1 f6d3d027dc70c7291c2f685efb187ab2.cloudfront.net (CloudFront)', 'X-Amz-Cf-Pop': 'ZRH55-P1', 'X-Amz-Cf-Id': 'FPnrgopvCk94ht53FPhimELDiSv3nJSDDCTn6csT8ny7DDlnjiiR1Q=='}"
22-06-2023_15:33:16:874847,18.165.185.131,709.558, , , ,video/mp4,34082855,keep-alive,"Thu, 22 Jun 2023 13:33:18 GMT","Thu, 22 Jun 2023 10:01:02 GMT","""8ac8aa3c5414053de61f649fe776b0db-3""", ,AES256, , , ,bytes,AmazonS3, , , , ,RefreshHit from cloudfront,1.1 aca4cfc16ad0f84e78738cc400bfb7f4.cloudfront.net (CloudFront),ZRH55-P1,6IYy5SrT6HyPtLV__cMpzN9USpWokBGLTKxVzak9UfbM7KP6Rlu2yA==, ,https://d36mvgiamk5bf0.cloudfront.net/myvideo-california.mp4,my content hosted on CloudFront,"{'Content-Type': 'video/mp4', 'Content-Length': '34082855', 'Connection': 'keep-alive', 'Last-Modified': 'Thu, 22 Jun 2023 10:01:02 GMT', 'x-amz-server-side-encryption': 'AES256', 'Accept-Ranges': 'bytes', 'Server': 'AmazonS3', 'Date': 'Thu, 22 Jun 2023 13:33:18 GMT', 'ETag': '""8ac8aa3c5414053de61f649fe776b0db-3""', 'Vary': 'Accept-Encoding', 'X-Cache': 'RefreshHit from cloudfront', 'Via': '1.1 aca4cfc16ad0f84e78738cc400bfb7f4.cloudfront.net (CloudFront)', 'X-Amz-Cf-Pop': 'ZRH55-P1', 'X-Amz-Cf-Id': '6IYy5SrT6HyPtLV__cMpzN9USpWokBGLTKxVzak9UfbM7KP6Rlu2yA=='}"
22-06-2023_15:33:27:591224,18.165.185.131,714.519, , , ,video/mp4,34082855,keep-alive,"Thu, 22 Jun 2023 13:33:29 GMT","Thu, 22 Jun 2023 10:01:02 GMT","""8ac8aa3c5414053de61f649fe776b0db-3""", ,AES256, , , ,bytes,AmazonS3, , , , ,RefreshHit from cloudfront,1.1 9defe0d67603d45217a1199d0f877384.cloudfront.net (CloudFront),ZRH55-P1,SNFcia0wBTagCj7UfOk0fRfHsiGv0y1vjaRFMwmd1aWe--feN4kK3g==, ,https://d36mvgiamk5bf0.cloudfront.net/myvideo-california.mp4,my content hosted on CloudFront,"{'Content-Type': 'video/mp4', 'Content-Length': '34082855', 'Connection': 'keep-alive', 'Last-Modified': 'Thu, 22 Jun 2023 10:01:02 GMT', 'x-amz-server-side-encryption': 'AES256', 'Accept-Ranges': 'bytes', 'Server': 'AmazonS3', 'Date': 'Thu, 22 Jun 2023 13:33:29 GMT', 'ETag': '""8ac8aa3c5414053de61f649fe776b0db-3""', 'Vary': 'Accept-Encoding', 'X-Cache': 'RefreshHit from cloudfront', 'Via': '1.1 9defe0d67603d45217a1199d0f877384.cloudfront.net (CloudFront)', 'X-Amz-Cf-Pop': 'ZRH55-P1', 'X-Amz-Cf-Id': 'SNFcia0wBTagCj7UfOk0fRfHsiGv0y1vjaRFMwmd1aWe--feN4kK3g=='}"
